2942 4900
198 203 220 262 4
499 195 545 255 lle
566 195 687 252 dialecto
713 192 877 253 Herodotea
904 193 948 251 lib.
974 193 993 251 l.

204 388 239 429 et
264 363 466 436 vetustioribus
488 361 595 438 graecis
616 361 803 434 gramnmtic's
826 360 925 418 bansta
953 362 980 419 in
1010 381 1089 419 nsum
1117 379 1199 419 srrrnn
1228 378 1350 417 conver-

203 459 315 521 terant,
344 447 466 505 deminni
490 445 590 518 velim,
615 445 657 501 rel
679 446 708 502 id
732 449 901 504 documento
927 465 989 503 esse
1010 454 1124 523 potest,
1147 447 1225 520 qrrod
1247 463 1349 502 eornm

200 534 366 609 nonnullos,
387 532 518 608 imprimis
537 530 665 588 lascaris
690 538 718 588 et
739 533 847 603 Gazae,
868 533 905 589 ad
928 533 1085 589 historicam
1107 548 1226 606 graecae
1250 548 1350 604 gram·

206 620 324 692 maticae
345 617 531 691 cognitionem
556 614 673 671 maxime
694 616 876 687 necessarios,
898 617 999 691 dignos
1015 635 1078 672 csse
1094 633 1205 690 censeo,
1228 632 1351 689 quorum

207 706 291 764 etiam
313 707 410 759 nostro
435 707 562 777 tempore
587 716 677 755 novae
698 707 830 776 parentur
854 699 998 758 editiones.
1042 697 1117 756 Nam
1144 698 1228 755 etiam
1249 705 1352 754 nostra

208 794 312 857 aetate,
340 802 510 860 quamquam
530 784 558 838 in
580 783 641 857 ipsa
659 783 842 856 grammatica
868 784 1086 861 pervestiganda
1103 783 1193 840 eximii
1210 782 1260 839 viri
1277 781 1352 838 mul-

209 880 267 931 tam
285 870 344 946 jam
365 876 518 946 posuerunt
539 885 663 942 operam,
684 887 803 943 raamias
824 866 906 942 hujus
927 869 966 925 rei
980 867 1077 943 judex,
1093 866 1141 923 Gf.
1160 866 1364 937 Hermannus,

210 956 331 1015 maximo
353 952 381 1010 in
409 971 503 1010 errore
525 952 669 1008 contendit
697 971 747 1009 eos
773 954 888 1024 versari,
922 953 970 1028 qni
1006 952 1049 1009 vel
1078 952 1259 1009 fundamenta
1286 967 1352 1008 esse

208 1040 285 1116 jacta
307 1055 424 1113 graecam
446 1035 641 1113 grammaticae
662 1038 779 1094 credant
799 1039 848 1111 (cf.
871 1037 985 1095 Dissert.
1004 1038 1040 1094 de
1057 1036 1130 1112 ellip.
1148 1043 1177 1094 et
1195 1038 1351 1113 pleonasm.

210 1126 239 1182 in
262 1140 353 1200 graec.
375 1121 442 1196 ling.
469 1119 602 1196 Opuscnl.
631 1119 650 1177 Ι.
672 1140 700 1197 p.
718 1123 803 1196 tlh).

298 1205 387 1263 Aldus
408 1223 475 1262 sera
495 1204 637 1265 Manutius
656 1212 685 1263 et
703 1208 731 1278 ii,
752 1220 786 1267 er
803 1205 903 1281 qtribus
918 1202 1069 1263 Academia
1080 1202 1140 1278 ejus
1151 1204 1298 1261 constabat
1309 1204 1352 1279 *),

214 1289 306 1349 maltis
329 1286 530 1366 exemplaribus
555 1289 704 1364 castigatas
727 1294 779 1364 (nt
803 1290 862 1367 ipse
892 1289 980 1347 dldus
1006 1290 1044 1346 ait
1066 1288 1093 1345 in
1115 1289 1290 1366 praefatione
1312 1287 1353 1346 ad

215 1373 414 1451 Calpurnium)
437 1372 575 1430 Herodoti
606 1373 702 1432 Musas
732 1394 807 1432 anno
839 1381 905 1434 150⁶)
935 1375 962 1431 in
990 1372 1078 1430 lucem
1106 1374 1272 1443 emiserunt3
1302 1373 1353 1447 qni

214 1459 264 1519 riri
285 1457 437 1516 doctissimi
455 1462 484 1513 et
508 1457 688 1514 strenuissimi
710 1458 754 1516 rel
780 1461 818 1516 sic
840 1459 920 1517 nobis
942 1459 1108 1515 satisfecisse
1125 1458 1257 1516 censendi
1274 1462 1352 1528 snut,

215 1540 413 1601 si¹editiuncm
433 1559 511 1599 suam
534 1548 629 1599 atam
652 1543 742 1600 foedis
766 1552 795 1601 et
815 1544 966 1601 innumeris
997 1544 1085 1614 vitiis,
1107 1561 1181 1617 qnae
1204 1541 1354 1603 incredibi-

216 1627 251 1685 lis
277 1625 384 1683 inscitia
412 1635 440 1684 et
468 1625 567 1683 inertia
594 1625 765 1691 librariorum
792 1627 885 1686 seculo
913 1626 989 1686 Xlll.
1019 1627 1191 1705 potissimum
1219 1634 1248 1684 et
1276 1624 1353 1683 XlV.

216 1709 269 1788 (cf.
291 1709 375 1767 Heer.
397 1709 414 1769 l.
442 1708 459 1766 l.
487 1708 506 1764 Ι.
534 1730 561 1787 p.
583 1714 634 1769 303
660 1715 720 1789 sq.)
750 1713 957 1782 commiserant,
986 1721 1016 1770 nt
1048 1713 1160 1770 liberam
1190 1711 1355 1787 redderent,

215 1795 393 1854 studuerunt.
438 1793 533 1851 Artem
556 1798 628 1854 enirn
651 1799 774 1857 criticam
796 1817 887 1874 neque
910 1797 1067 1855 historicam
1091 1815 1183 1871 neque
1213 1812 1354 1873 granum-

216 1881 299 1938 ticam
325 1884 392 1936 tunc
420 1874 496 1936 docti
522 1880 570 1938 viri
594 1881 709 1942 multum
731 1889 781 1940 aut
802 1882 917 1940 feliciter
942 1891 1138 1951 exercuerunt3
1160 1900 1251 1957 neque
1277 1878 1355 1937 vale-

215 1965 286 2023 bant
318 1963 430 2039 quidem
464 1983 525 2022 earn
554 1972 677 2027 tractare
687 1968 742 2043 ⁰).
797 1967 856 2024 Sed
882 1986 968 2040 qrrnrn
1001 1966 1039 2025 illi
1068 1964 1188 2024 Aldinae
1214 1963 1355 2033 editionis,

215 2049 379 2128 plerumque
403 2068 465 2106 cum
484 2046 576 2108 Codd.
594 2050 693 2111 Pariss.
720 2053 929 2121 consentientis,
955 2052 1077 2111 editores
1095 2051 1238 2121 vidissent,
1261 2048 1355 2106 Hero·

217 2134 315 2190 dotum
337 2151 465 2189 sermone
486 2152 566 2191 nsum
592 2154 652 2191 esso
677 2136 796 2206 lonico,
824 2136 903 2212 cujus
929 2135 1037 2194 dialecti
1060 2143 1171 2213 praeter
1195 2134 1271 2213 ipsas
1293 2133 1354 2190 He·

217 2216 311 2273 rodoti
332 2216 462 2273 historias
481 2224 509 2274 et
531 2217 578 2293 qui
597 2220 649 2276 sub
671 2220 810 2277 Herodoti
842 2220 953 2279 nomine
986 2221 1072 2278 fertur
1099 2219 1198 2277 librum
1231 2221 1269 2276 de
1296 2218 1356 2277 vita

217 2297 349 2374 Homeri,
377 2299 526 2358 Homerica
554 2303 675 2360 carmina
700 2305 874 2380 potissimum
907 2305 935 2363 in
963 2304 1042 2363 ltalia
1070 2311 1137 2363 tnnc
1167 2304 1356 2379 innotuerant,

217 2402 275 2442 non
303 2383 370 2439 satis
390 2391 518 2442 accurate
543 2386 728 2446 distinxerunt
750 2386 822 2447 inter
841 2389 983 2458 Jonismos
1000 2390 1181 2452 Herodoteos
1198 2395 1227 2450 et
1248 2387 1356 2445 Hume-

218 2470 300 2539 ricos,
331 2468 397 2544 quin
421 2469 504 2527 immo
533 2471 681 2547 aliquoties
712 2476 794 2532 etiarn
821 2482 919 2533 contra
949 2475 1014 2534 hlss.
1043 2476 1241 2536 auctoritatem
1266 2491 1355 2531 noras

217 2551 326 2610 lonicas
348 2553 452 2610 formas
474 2561 571 2613 nostro
593 2559 719 2636 scriptori
741 2560 893 2618 obtrusisse
914 2560 1122 2635 virlmtur‘**).
1166 2561 1213 2618 Sic
1237 2557 1357 2617 eandem

219 2637 279 2695 fere
299 2636 461 2695 tarietatern
477 2650 682 2722 expresserunt,
705 2663 789 2720 qnam
817 2644 845 2702 in
870 2644 945 2704 libris
966 2645 1034 2703 Mss.
1051 2644 1178 2704 obtinere
1193 2653 1290 2706 notum
1302 2646 1355 2702 est.

215 2720 301 2789 Quae
327 2739 370 2779 res
392 2741 477 2797 qaum
503 2728 624 2802 quadam
645 2748 680 2786 err
704 2735 784 2806 parte
805 2728 894 2806 prima
915 2730 943 2788 in
965 2730 1097 2808 editione,
1118 2730 1208 2809 primo
1232 2728 1261 2786 in
1283 2726 1356 2805 peri·

217 2804 280 2865 culo
301 2806 441 2880 faciendo,
462 2812 625 2892 scriptorem
647 2812 768 2889 cnjrrsvis
787 2815 896 2888 generis
913 2815 984 2873 vitiis
1004 2813 1240 2892 corruptissimum
1261 2830 1356 2871 emen-

219 2891 355 2949 datiorem
376 2892 524 2968 reddendi,
546 2899 668 2955 excusari
690 2899 790 2976 possit,
812 2899 886 2957 idem
908 2905 1000 2958 tamen
1023 2899 1118 2957 vitium
1147 2898 1276 2956 omnibus
1307 2914 1355 2954 ns·

219 2992 275 3049 qne
303 2975 341 3030 ad
363 2973 437 3031 hrrrrc
459 2976 531 3035 diern
555 2981 722 3039 editionibus
749 2982 811 3059 plus
833 2984 924 3041 minus
951 2983 1103 3044 adhaerere
1129 2982 1215 3042 cuivis
1243 2999 1356 3040 accura-

219 3058 275 3115 tins
296 3075 345 3114 eas
362 3057 518 3135 inspicienti
542 3063 620 3121 facile
643 3065 759 3144 patebit.
802 3067 841 3124 Et
865 3069 1005 3146 profecto,
1027 3068 1050 3126 si
1075 3088 1149 3130 nrrnc
1173 3066 1355 3142 Thucydides

219 3140 265 3200 ille
294 3137 458 3200 adolescens
486 3165 520 3203 ex
548 3151 649 3207 rmstris
675 3151 879 3230 exemplaribus
908 3153 1053 3229 cujusdam
1081 3151 1238 3211 Herodotei
1265 3150 1356 3232 operis

218 3225 307 3303 partis
333 3227 523 3287 recitationem
547 3235 671 3307 audiret,
701 3237 723 3293 si
752 3256 850 3298 revera
875 3243 942 3297 tnnc
969 3238 1076 3298 audivit
1103 3237 1163 3312 (cf.
1185 3236 1300 3314 Heyse,
1321 3235 1358 3292 de

220 3309 328 3367 Herod.
354 3309 419 3369 Vita
440 3319 469 3371 et
491 3315 608 3374 ltinerlb.
635 3340 662 3397 p.
685 3326 719 3379 23
744 3324 835 3398 squ),
859 3343 917 3384 non
938 3323 1061 3398 gaudio,
1092 3322 1193 3396 credo,
1218 3339 1272 3380 nec
1298 3319 1357 3377 lae·

219 3395 290 3472 titia,
311 3395 362 3452 sed
389 3395 487 3457 dolore
508 3401 533 3458 ei
554 3400 682 3462 lacrimae
710 3411 863 3464 manarent.

303 3476 381 3538 Nolo
407 3492 533 3560 repetere
556 3488 705 3564 quaejam
730 3491 780 3547 din
800 3490 846 3548 alii
868 3491 905 3547 de
932 3489 1049 3566 singulis
1075 3488 1243 3548 editionibus
1272 3493 1358 3559 recte,

219 3567 251 3619 at
269 3569 350 3639 puto,
368 3563 528 3638 judicarunt
563 3573 613 3645 (cf.
635 3573 769 3633 Praefatt.
799 3571 966 3650 Wesseling.
990 3583 1019 3632 et
1040 3571 1223 3650 Schwdgh),
1244 3575 1282 3630 de
1304 3573 1360 3630 sin·

182 3723 185 3732 .
220 3646 292 3720 gulis
314 3647 460 3707 virtutibus
482 3655 714 3732 Stephanicarum
738 3651 908 3730 editionum,
929 3660 964 3717 de
991 3659 1112 3731 meritis,
1136 3651 1359 3736 stupidaMedi-

220 3728 261 3788 cei
286 3728 347 3787 libri
371 3735 548 3796 veneratione
571 3749 599 3799 et
621 3742 720 3820 iniquis
749 3743 998 3824 vituperationibus
1024 3743 1177 3815 Gronovii3
1205 3741 1242 3802 de
1265 3739 1360 3800 anxie-

229 3854 427 3866 w

288 3913 313 3971 *l
330 3911 373 3966 Cf.
393 3912 498 3968 Heeren
516 3916 573 3972 libr.
591 3919 608 3974 l.
627 3923 661 3974 ll.
680 3943 707 3994 p.
724 3926 768 3991 96,
785 3926 838 3980 994
854 3946 894 3998 sq.

288 3981 329 4045 tt)
348 3981 390 4034 Cf.
413 3982 515 4036 Heeren
534 3984 592 4043 libr.
613 3988 631 4045 l.
651 3991 684 4047 ll.
723 3993 807 4059 .307,
827 3996 888 4053 295.

287 4050 666 4136 procrastinandum
711 4068 749 4116 n.
766 4064 801 4118 aa
826 4065 849 4117 r.
873 4065 909 4120 aa
942 4062 984 4116 De
1006 4060 1083 4118 anili
1107 4059 1221 4131 quarn
1241 4060 1359 4123 nsum.

219 4128 298 4234 fnum
316 4116 397 4172 Aldus
416 4136 442 4172 nr
461 4122 614 4188 vulgaribus
635 4128 724 4181 formis
750 4131 777 4184 in
805 4130 992 4188 Theocritenm
1015 4139 1114 4185 texum
1137 4130 1289 4185 inducendis
1310 4129 1361 4181 snt

246 4177 338 4262 dulcit,
362 4188 453 4270 confer
471 4188 646 4244 dluchlmanni
665 4195 738 4263 legar
755 4197 876 4266 dislaud,
899 4215 952 4273 qua
970 4201 1099 4257 Graecos.
1125 4208 1222 4269 pomo
1247 4197 1359 4252 bsswllssl

218 4262 260 4335 prr
275 4257 335 4303 anot
353 4253 436 4326 (brus.
460 4257 537 4328 rada)
554 4275 581 4329 p.
600 4260 618 4315 b
635 4269 662 4315 st
682 4263 726 4322 bf.
