2942 4900
418 244 464 306 De
486 228 602 307 dialecto
623 246 790 308 Herodotea
813 248 860 319 lib,
884 250 907 316 l.
1179 246 1221 310 41

172 415 210 474 Et
231 413 405 490 maniatici
426 432 492 472 vero
520 415 573 492 ipsi
597 416 911 494 eorumque‘discipull,
940 417 1092 475 imitatores
1120 424 1149 474 et
1173 437 1220 475 as-

81 501 187 576 sedec,
210 507 343 574 quantam
364 499 430 572 vim,
452 499 507 554 suis
529 500 647 574 quisque
675 501 827 560 rationibus
849 508 878 558 et
899 501 1085 576 grammaticis
1101 509 1142 558 -et
1168 504 1220 559 cri-

82 587 149 643 ticis
172 587 284 655 ductus,
309 585 338 640 in
362 582 586 658 constituendam
614 587 738 641 veterum
764 586 930 661 scriptorum
959 586 1112 643 orationem
1139 604 1220 642 exer-

83 669 204 738 cuerint,
225 686 310 743 quum
332 666 444 724 aliunde
465 667 538 724 inter
560 686 655 725 omnes
676 674 796 739 constat,
820 674 880 725 tum
904 671 1020 726 maxime
1042 676 1102 727 arte
1128 670 1221 727 critica

85 754 126 811 ab
146 751 339 810 Alexandrinis
359 750 532 829 potissimum
556 752 741 826 grammaticis
765 752 880 810 Homeri
906 754 1070 810 carminibus
1095 753 1221 810 adhibita

86 838 155 895 satis
177 843 220 893 est
234 836 412 893 declaratum.
455 835 595 891 Herodoti
617 844 709 892 autem
731 836 827 894 Musas
852 857 909 893 non
935 839 1053 894 intactas
1079 856 1097 894 a
1126 856 1221 911 gram-

82 921 249 978 maticorum
270 919 509 995 disputationibus
530 919 637 976 relictas
662 937 739 992 esse,
766 920 809 977 vel
830 920 941 979 aliunde
964 921 1007 979 vel
1030 922 1096 978 inde
1123 921 1222 996 conjici

83 1004 160 1076 licet,
186 1003 264 1078 quod
290 1021 339 1059 eae
362 1004 459 1060 Jonice
480 1009 545 1060 sunt
567 1003 692 1074 locutae,
711 1010 750 1062 et
776 1006 853 1078 qnod
881 1005 982 1076 multa,
1010 1024 1082 1079 qnae
1103 1005 1220 1063 Homeri

84 1089 279 1147 consuetudini
298 1089 413 1165 propius
440 1088 592 1159 accedunt,
616 1089 646 1144 in
671 1087 703 1143 iis
727 1088 912 1147 inveniuntur.
967 1089 1063 1154 Quare
1090 1090 1118 1145 in
1146 1089 1220 1146 libris
1286 1112 1288 1117 ·

84 1174 124 1229 de
149 1171 272 1229 dialectis
295 1172 457 1247 conscriptis
479 1177 536 1228 tam
560 1189 653 1247 saepe,
675 1172 794 1245 siquae
824 1173 939 1229 lonicae
963 1175 1069 1229 formae
1096 1173 1221 1230 afferun-

84 1265 143 1329 tur,
165 1256 343 1313 Herodotum
365 1274 421 1312 uua
440 1275 501 1312 cum
512 1256 636 1312 Homero
654 1257 823 1312 nominatum
847 1257 1089 1332 deprehendimus,
1109 1258 1220 1332 saepius

83 1346 142 1397 ιἰοιι
164 1340 302 1412 indicato,
326 1339 452 1397 Homero
479 1358 515 1396 an
546 1340 650 1396 recenti
679 1339 794 1396 ionicae
817 1340 935 1397 dialecto
963 1341 1053 1396 forma
1081 1341 1221 1413 quaedam

82 1425 120 1480 sit
142 1422 297 1500 peculiaris,
318 1425 441 1497 ideoque
451 1440 535 1500 saepe
546 1429 693 1496 utrumque
703 1423 858 1481 Jonismum
868 1425 1025 1481 contusum.
1046 1421 1140 1497 Atque
1157 1425 1220 1500 opi-

85 1509 197 1564 nionem
225 1507 314 1580 illam,
349 1525 433 1581 quam
464 1506 652 1563 Aristarchum
683 1506 931 1582 Aristarcheosque
958 1508 1081 1565 tenuisse
1110 1514 1222 1565 constat

86 1590 138 1668 (ef.
160 1590 207 1647 Fr.
230 1590 264 1648 A.
291 1590 377 1648 Wolf.
405 1590 537 1666 Prolegg.
565 1610 592 1667 p.
622 1594 674 1648 245
702 1610 745 1665 sq.
772 1592 916 1649 Thierscb.
942 1611 984 1666 gr.
1016 1610 1057 1665 gr.
1081 1611 1099 1667 p
1132 1596 1221 1668 333),

86 1675 207 1749 quodvis
231 1682 419 1748 augmentum,
447 1677 525 1750 quod
550 1675 666 1732 lonicae
690 1675 810 1732 dialecto
838 1677 914 1732 haud
941 1682 1014 1732 esset
1041 1677 1218 1748 conveniens,

86 1759 116 1815 iu
140 1759 260 1815 Homeri
277 1759 441 1815 carminibus
468 1778 551 1834 quam
573 1760 692 1816 maxime
711 1760 890 1816 minuendum
916 1779 992 1830 esse,
1015 1778 1108 1815 nonne
1131 1761 1221 1817 credi-

84 1841 140 1899 bile
163 1848 216 1914 est,
238 1842 380 1899 etiamad
405 1843 544 1900 Herodoti
569 1844 722 1900 orationem
750 1844 826 1900 hac
819 1864 847 1900 m
864 1863 893 1901 re
905 1844 1131 1901 commutandam
1145 1844 1220 1901 mul

83 1931 144 1984 tum
169 1925 304 2005 effecisse,
328 1944 413 2001 quum
433 1947 492 1984 non
513 1926 632 1983 solum
626 1947 654 1982 m
680 1926 872 2004 manuscriptis
901 1926 1043 1984 codicibus
1065 1929 1221 1985 sedetiam

83 2028 176 2084 usque
200 2011 237 2067 ad
259 2011 333 2068 hunc
354 2011 452 2068 diem
445 2031 473 2068 ιιι
500 2011 599 2084 editis,
624 2011 706 2068 etiam
728 2018 908 2085 angmentum
929 2009 1108 2087 syllabicam,
1129 2018 1160 2067 ut
1183 2011 1220 2067 de

84 2094 231 2170 temporali
252 2101 373 2165 taceam,
403 2101 431 2152 et
455 2094 717 2171 reduplicationem,
745 2114 828 2169 quam
854 2096 966 2166 dicunt,
995 2095 1134 2151 interdum
1157 2113 1221 2172 per-

83 2197 180 2257 peram
207 2179 308 2235 omissa
328 2137 492 2237 videamus?
522 2177 638 2251 Nonne,
662 2199 764 2257 quum
765 2186 827 2237 tota
849 2181 908 2238 fere
930 2184 1055 2236 veterum
1081 2197 1220 2253 gramma·

83 2263 203 2319 ticorum
230 2256 434 2340 disceptatio
426 2283 454 2320 ιιι
488 2265 651 2338 quaestione
682 2266 718 2321 de
749 2254 878 2339 analogia
904 2271 934 2321 et
962 2262 1100 2319 anomalia
1128 2263 1221 2340 posita

82 2347 130 2414 sit,
149 2364 302 2421 omnesque
318 2347 376 2404 fere
392 2367 488 2405 eorum
509 2349 680 2422 grammatici
702 2348 764 2404 libri
786 2349 970 2425 etymologica
991 2352 1072 2423 prante
1095 2353 1221 2404 tractan-

84 2431 123 2489 da
142 2429 332 2503 absolvantur,
355 2438 572 2490 consentaneum
597 2438 641 2491 est
664 2438 804 2511 statuere,
833 2435 917 2492 etiam
947 2431 1128 2489 Herodoteae
1157 2450 1222 2488 ora-

81 2516 178 2585 tionis,
205 2515 309 2592 quippe
330 2533 404 2588 quae
429 2516 593 2574 uberrimam
616 2517 718 2576 babeat
737 2517 786 2574 ‘his
817 2519 854 2576 de
882 2519 964 2575 rebus
990 2516 1144 2574 disserendi
1171 2535 1221 2573 co-

82 2600 169 2677 piam,
194 2600 348 2657 coudiciuni
367 2605 453 2675 atquo
475 2600 586 2672 rationi,
611 2601 699 2674 qualis
721 2606 767 2657 est
785 2603 888 2659 uostris
910 2603 939 2659 in
962 2599 1031 2657 Mss.
1049 2601 1143 2677 codd,
1161 2618 1222 2657 ma-

84 2683 260 2739 nifestissima
285 2702 383 2741 eorum
411 2685 630 2760 disputationum
655 2686 914 2761 dissensionumque
942 2685 1061 2758 vestigia
1087 2685 1222 2759 impressa
1260 2706 1263 2712 ·

84 2765 171 2823 sset
204 2764 307 2841 Neque
330 2787 395 2824 vero
415 2770 517 2825 desunt
539 2768 603 2844 loci,
629 2768 675 2825 ubi
698 2768 958 2844 scripturaeodem
980 2770 1066 2824 modo
1089 2768 1222 2840 variatur,

59 2833 230 2946 'quomodo
254 2852 405 2909 sententias
431 2851 674 2926 grammaticorum
699 2852 736 2908 de
751 2852 805 2910 hac
819 2853 977 2930 propositas
1000 2853 1120 2907 variatas
1136 2850 1223 2906 fuisse

84 2940 161 2992 certo
184 2935 361 2992 scimus-
384 2935 406 2997 l.
428 2936 609 3008 5θέ1ιι1ζιιν
632 2930 859 3013 ἀνακτήσεσθαι
886 2936 925 2994 Μ.
953 2938 991 2995 R.
1022 2934 1110 2994 Paris.
1141 2933 1176 2998 11,
1205 2950 1223 2990 e

64 3033 157 3077 corr.
181 3012 410 3093 ιῖναιτήσασθαι
435 3020 510 3094 vulg
541 3026 570 3077 et
597 3019 631 3079 F.
655 3040 760 3098 pr.-
784 3030 816 3080 51
838 3014 1022 3100 βουλόμενος
1038 3022 1223 3097 χαρίσασθαι

82 3101 150 3158 ΑΜ.
167 3102 203 3160 al.
232 3104 407 3179 χαρίζεσθαι
428 3104 467 3165 Μ
490 3104 592 3163 ι1.-
612 3108 646 3162 53
670 3104 1104 3205 προλέγουσαι-καταλῦσαι
1117 3104 1157 3164 Μ.
1188 3104 1221 3165 S.

82 3185 120 3243 V.
143 3186 179 3244 R.
205 3185 241 3246 11
270 3205 296 3245 (ι.
322 3208 346 3246 c.
387 3185 441 3244 Alii
461 3184 715 3252 καταλύσειν.-
738 3191 761 3252 l.
786 3196 867 3252 9ιτα
870 3189 946 3269 otker
969 3213 1016 3250 ιιι
1043 3184 1223 3264 θεήσασθαι

83 3269 161 3344 vulg
189 3265 462 3347 θεήσισθαιι.-
422 3280 511 3331 -ro
535 3271 568 3334 έν
596 3266 660 3352 νόφ
687 3272 796 3351 lxmae
816 3278 955 3337 τίσεσθαι
979 3275 1071 3352 plures
1089 3273 1158 3332 Mss.
1179 3272 1222 3333 rt·

84 3359 200 3413 σασθαι
225 3353 291 3412 ΔΜ.
318 3374 413 3413 e.-
369 3360 470 3414 -60
491 3355 591 3435 ἔμελλε
611 3356 781 3432 φανέεσθαι
806 3360 842 3418 F.
864 3360 901 3419 al.
923 3360 1090 3434 φαίνεσθαι
1110 3359 1140 3416 b.
1152 3357 1218 3415 d..e

83 3442 119 3497 73
144 3436 195 3498 καὶ
214 3439 405 3499 τίσασθαιθ
380 3437 482 3500 θέλων
500 3441 577 3515 vulg.
598 3442 738 3504 τίσεσθαι
764 3446 801 3516 S.
824 3448 871 3502 78
899 3442 1034 3521 ἔγνωσαν
1060 3437 1222 3515 καταστρέ-

83 3528 204 3597 φεσθαι
221 3524 299 3598 vulg.
324 3543 409 3600 nune,
437 3523 752 3626 ιιαταστρέψασθαιθ.
778 3530 807 3584 (1.
829 3523 1094 3603 καταστρέφεσθαι
1104 3522 1221 3580 Ald.e.

85 3608 138 3664 117
161 3604 260 3678 έμελλ(
285 3602 405 3682 θάψειν
425 3609 503 3683 vulg.
523 3602 656 3671 θάπτειν
684 3610 713 3670 b.
737 3611 833 3668 (1.-
815 3614 908 3670 144
930 3604 1138 3684 φυλάσσονται
1163 3627 1223 3684 μη·

86 3684 203 3766 δαμονς
228 3689 403 3763 έςθέξασθαι
428 3693 503 3768 vulg.
526 3691 698 3765 έιδέξισθαι
723 3694 763 3754 K.
791 3695 827 3754 11.
861 3694 913 3753 lV.
938 3696 987 3751 147
1014 3687 1071 3753 uria
1090 3690 1149 3767 έφη
1172 3687 1224 3766 με’-

84 3793 169 3842 νειν,
189 3766 253 3834 u’lt’
280 3769 527 3838 ἀποπλεύσεσθαι
552 3776 617 3837 did.
641 3779 672 3841 S.
698 3777 733 3839 11.
760 3798 787 3837 a.
807 3798 832 3835 c.
855 3783 956 3855 μενεῖν
976 3778 1077 3854 Steph.
1105 3783 1135 3834 et
1158 3793 1223 3847 sqq

84 3851 341 3920 ι1ιιοιτ1ενσασθαι
368 3862 399 3919 S.
448 3861 487 3918 Et
520 3863 630 3938 saepius
663 3862 743 3932 alibi3
782 3864 820 3922 cf.
849 3862 923 3922 Loh.
954 3863 991 3920 de
1020 3859 1225 3919 constructione

86 3942 165 4000 verbi
177 3942 294 4019 Hisce
306 3951 335 4003 et
353 3945 481 4002 affinium
497 3946 646 4014 verborum
662 3945 795 4022 (Parerg.
813 3965 843 4024 p.
865 3952 917 4007 745
936 3966 999 4022 sqq.
1017 3954 1045 4006 et
1063 3946 1102 4002 ad
1119 3943 1224 4016 Pbryu.

85 4047 116 4103 p.
133 4025 221 4102 336).
250 4024 857 4115 1.119αρισιονε1ναι,ιιανερ.(1ῃΜ
877 4032 911 4089 S
936 4030 975 4093 Κ
997 4031 1032 4090 11.
1054 4048 1079 4086 a
1102 4048 1127 4084 c
1145 4023 1227 4104 codor

85 4111 171 4170 11.(1.
194 4112 261 4172 edd.
289 4112 473 4189 (έρᾶοιθη)
500 4115 536 4174 cf.
561 4111 636 4175 Lob.
653 4114 699 4191 nj.
719 4135 761 4175 vs.
782 4122 844 4189 903,
867 4137 897 4195 p.
920 4120 1043 4176 397.-
1066 4111 1228 4171 1045¹t⁰⁴

89 4190 255 4271 λαψήφιδα
279 4215 353 4255 nunc
377 4198 453 4271 vulg.
478 4216 542 4255 cum
567 4199 598 4259 S.
625 4199 660 4260 11.
683 4220 709 4260 a
733 4221 758 4264 e.
780 4196 1068 4274 antonnacensis.
1097 4195 1133 4254 al.
1173 4191 1226 4251 Alii

87 4283 305 4360 ιιολνψηφῖθα,
334 4281 369 4344 cf
394 4281 533 4359 luterppr.
557 4283 644 4349 adh,
667 4284 685 4344 l
715 4288 752 4343 ad
779 4286 851 4351 Plat
873 4283 1003 4363 Reipubl.
1029 4279 1109 4339 Vlll.
1127 4281 1227 4341 5666.
