2942 4900
243 215 286 280 86
557 217 605 277 De
625 214 939 298 daloetoilerbdotea
959 215 1008 273 tib.
1031 216 1053 275 l.

242 388 340 468 potius
359 388 558 464 conjungenda
578 386 627 465 sit,
646 404 706 448 non
722 404 785 443 curn
801 379 928 454 τυῦτυυζ
951 383 1029 460 quod
1049 401 1136 461 quum
1154 384 1216 443 fleri
1235 384 1294 444 lroc
1313 387 1382 445 loco

243 492 301 531 nou
318 490 406 550 posse
419 476 534 548 pateat,
563 472 592 528 iu
613 470 724 547 vulgari
744 471 864 528 istorum
885 468 1035 527 verborum
1053 468 1241 528 collocatione
1259 472 1384 547 acquie-

243 557 379 615 scendum
395 561 451 631 est,
463 556 631 615 confirmata
645 556 731 614 etiam
747 553 879 630 Aeschyli
893 553 1016 632 quodam
1031 552 1106 627 loco,
1120 556 1169 631 qui
1184 559 1230 612 est
1244 555 1381 634 Clroeplr.

243 653 287 698 vs.
309 644 372 701 769.
394 640 475 719 μέλει
494 646 613 702 θεοῖσιν
633 628 733 718 ὦνπερ
756 633 796 701 ἂν
817 636 890 724 μέλῃ
911 637 990 715 πέρι.
1015 669 1052 681 -·
1078 638 1128 697 Vl.
1151 642 1205 698 109
1224 640 1392 699 eademst·

244 724 336 804 Gaisi.
358 723 396 789 al.
421 744 485 784 cum
503 727 537 783 S.
559 726 593 787 V.
616 724 687 784 haec
707 724 797 782 rerba
818 724 861 783 sic
881 724 1034 781 collocata:
1056 714 1160 801 ἡμέων
1181 725 1248 804 δίχα
1271 725 1381 807 μέναν-

243 831 292 871 ειιι
313 809 347 871 αἰ
366 814 498 890 γνῶμαι,
519 812 582 870 τῶν
602 807 657 888 μὲν
674 801 858 871 κελευόντων
878 806 1070 889 συμβαλέειν,
1093 813 1155 870 τῶν
1176 807 1209 871 di
1230 801 1268 870 ori
1293 827 1379 889 συμ-

244 893 374 972 βαλέειν.
419 895 473 953 Alii
495 893 576 972 (edu,
598 900 666 957 vett.
686 891 793 968 Bekis.)
813 911 876 950 cum
899 892 986 956 codd.
1008 891 1044 949 F.
1067 892 1095 951 b.
1116 898 1179 954 τῶν
1199 890 1253 970 μὲν
1277 901 1389 957 κελευ··

244 973 351 1053 ὄντων,
380 982 440 1042 τῶν
459 978 492 1042 dt
512 975 551 1039 οὔ
570 977 765 1059 συμβαλὲειν,
794 979 846 1036 sed
868 996 905 1036 ne
926 978 969 1036 sic
990 977 1106 1054 quidem
1126 984 1205 1037 recte
1225 990 1296 1046 sunt
1317 1000 1378 1057 po-

241 1065 315 1133 s'ita;
344 1083 430 1139 quom
456 1064 533 1122 enirn
559 1064 742 1140 negationem
765 1056 823 1137 οὔ,
849 1067 935 1119 acuto
965 1069 1113 1137 notatam,
1141 1067 1171 1121 et
1200 1062 1321 1122 aliorum
1351 1072 1381 1123 et

242 1149 333 1226 ipsius
349 1146 496 1208 ⁴Herodoti
521 1148 618 1206 multis
644 1146 780 1225 exemplis
806 1145 997 1206 demonstrari
1023 1149 1118 1225 possit
1142 1149 1174 1205 iu
1200 1147 1258 1206 fine
1285 1149 1378 1222 totins

243 1234 383 1292 enuntiati
404 1234 567 1310 ponendam
590 1250 674 1305 esse,
705 1230 775 1290 nilril
800 1230 967 1307 relinquitur
994 1230 1089 1306 dubii,
1116 1234 1186 1309 qnia
1213 1232 1261 1291 bic
1288 1252 1319 1293 a⁴
1332 1252 1379 1292 me

243 1317 410 1395 propositus
431 1317 584 1375 verborum
605 1317 679 1374 ordo
699 1315 780 1375 solus
799 1315 839 1373 sit
858 1317 1017 1390 genuinus:
1039 1318 1098 1378 ruis
1119 1315 1173 1394 μὲν
1190 1311 1377 1381 κελευόντων

244 1404 428 1482 συμβαλεῖν,
450 1405 512 1463 ταῖν
531 1399 565 1478 δὲ
581 1395 636 1466 bii.
658 1393 699 1478 iis
718 1399 774 1478 μέν
795 1421 855 1462 νυν
872 1424 902 1461 ιι.
921 1423 946 1461 s.
967 1404 995 1460 λ.

328 1484 424 1553 Quum
445 1486 532 1561 igitur
554 1484 728 1560 viderimus,
754 1490 813 1542 tarn
835 1485 937 1544 muns
959 1484 1048 1544 luisse
1071 1503 1191 1557 causas,
1216 1506 1252 1545 ex
1272 1486 1377 1564 quibus

242 1577 301 1631 tarn
322 1570 484 1630 deformata
504 1570 674 1630 Herodotea
695 1568 788 1628 oratio
809 1569 970 1642 exsisteret,
992 1586 1086 1646 neque
1105 1571 1221 1629 omnino
1240 1572 1376 1631 vereltr.

242 1655 279 1714 A.
295 1654 427 1713 Wolfium
447 1655 597 1732 (Prolegg.
618 1674 647 1733 p.
665 1652 720 1731 Vl)
741 1653 796 1711 sibi
814 1654 1052 1714 animadvertisse
1072 1654 1162 1711 risum
1181 1674 1247 1714 esse
1263 1661 1377 1735 pateat,

175 1775 180 1786 ι
242 1757 326 1815 quam
354 1759 447 1818 prope
472 1758 609 1816 germano
637 1737 724 1797 nitori
750 1738 881 1796 redditos
904 1738 1074 1797 haberemus
1102 1737 1244 1800 Herodoti
1275 1740 1377 1815 libros,
1459 1809 1460 1812 Ἴ

242 1825 338 1883 statim
352 1825 483 1901 quaestio
498 1825 641 1884 exoriatur
655 1841 776 1883 necesse
786 1827 842 1900 est,
857 1842 931 1900 quae
946 1822 991 1880 ria
1004 1841 1136 1899 quaeque
1147 1824 1219 1882 ratio
1235 1824 1322 1884 nobis
1339 1826 1379 1882 sit
1459 1853 1460 1884 l

241 1908 442 1985 ingredienda,
460 1916 492 1967 ut
510 1909 560 1967 illa
581 1927 667 1984 quarn
683 1908 803 1969 maxime
823 1909 947 1984 genuina
964 1908 1132 1983 sinceraque
1146 1907 1296 1970 reddatur.
1338 1909 1378 1968 Et
1459 1893 1460 1958 l

242 1993 320 2052 dicat
340 1994 461 2071 aliquis,
482 1994 570 2053 libros
591 1994 629 2053 de
649 1992 779 2052 dialectis
801 1994 994 2069 compositos,
1016 2010 1034 2050 a
1054 1991 1261 2051 recentioribus
1283 1991 1376 2053 doctis

241 2078 311 2137 viris
329 2078 485 2137 utilissimis
504 2078 738 2138 adnotationibus
757 2076 931 2151 illustratos,
956 2077 1073 2136 multum
1090 2077 1188 2140 nobis
1205 2095 1296 2156 posse
1322 2079 1378 2138 lroc

241 2163 271 2222 in
293 2164 412 2240 negotio
438 2164 597 2241 prodesse3
624 2180 657 2220 ac
684 2179 785 2219 revera
806 2160 902 2237 aliqua
922 2180 958 2219 ex
978 2167 1062 2239 parta
1081 2168 1217 2240 prosunt,
1239 2162 1378 2241 imprimis

242 2245 444 2306 Schaeseriana
465 2245 516 2306 illa
533 2244 667 2322 Gregorii
683 2244 825 2304 Corinthii
845 2244 907 2303 libri
928 2247 967 2304 de
984 2247 1106 2308 Graecis
1128 2247 1258 2307 dialectis
1275 2248 1378 2323 editio,

241 2330 582 2408 multisdoctissimisque
599 2331 737 2389 instructa
751 2332 969 2390 commentariis.
1010 2331 1071 2389 Sed
1092 2331 1205 2388 bilibri
1225 2347 1378 2394 recensum

241 2421 350 2475 tantum
372 2415 481 2492 aliquot
501 2416 654 2475 formarum
676 2414 868 2477 dictionumve
889 2434 923 2476 er
948 2433 1062 2494 quaque
1081 2416 1206 2477 dialem
1227 2423 1377 2499 excerpts·

242 2518 303 2559 rum
324 2501 477 2579 exhibent,
501 2520 596 2579 neque
623 2499 921 2580 eom-plenissimum,
947 2518 1043 2577 neque
1063 2502 1135 2579 satis
1156 2503 1376 2581 distinguentem

241 2586 317 2644 inter
336 2586 415 2644 varia
434 2588 570 2664 cujusque
588 2586 706 2647 dialecti
725 2604 834 2664 genera
856 2590 888 2644 et
908 2586 1090 2665 scriptorum,
1109 2589 1158 2663 qui
1175 2588 1211 2647 iis
1232 2589 1277 2647 usi
1302 2597 1376 2653 suut

170 2700 184 2711 -
241 2670 306 2729 Nec
330 2690 417 2744 vero,
439 2672 550 2732 etiamsi
571 2671 684 2750 singula
705 2689 857 2750 quaeque,
877 2689 951 2749 quae
972 2669 1008 2729 ab
1030 2671 1303 2749 aliisscriptoribas
1323 2674 1378 2733 alia

243 2758 394 2815 occasione
416 2758 452 2816 ad
471 2758 545 2816 lianc
567 2776 626 2818 rem
648 2760 822 2836 pertinentia
842 2757 957 2816 tradita
970 2763 1055 2830 suut,
1081 2755 1299 2833 diligentissime
1320 2758 1380 2816 col·

242 2842 316 2900 lecta
336 2843 548 2917 addiderimus,
577 2851 607 2903 at
632 2845 673 2902 ita
695 2842 789 2902 omnia
809 2842 912 2918 cuique
933 2841 1055 2900 dialecto
1076 2842 1228 2919 peculiaria
1242 2844 1272 2899 in
1295 2862 1378 2903 unum
1457 2826 1458 2913 l

242 2935 426 3003 conspectum
453 2929 646 3003 coegerimus,
675 2925 705 2987 id
731 2927 809 3002 quod
825 2925 996 2984 novimimis
1014 2927 1192 3005 temporibus
1213 2926 1330 2986 Giesius
1350 2933 1379 2987 et
1457 2944 1458 3008 μ

243 3009 356 3068 Absens
376 3011 544 3068 doctissime
565 3012 662 3069 facere
681 3005 902 3089 inceperunt*),
932 3030 1037 3088 magno
1057 3030 1121 3069 cum
1144 3013 1243 3069 lrauctu
1265 3012 1296 3070 in
1316 3019 1382 3075 atta
1457 3010 1458 3013 ¹

243 3094 358 3169 critica,
380 3094 419 3150 ad
440 3092 514 3152 hunc
534 3094 580 3153 vel
600 3093 679 3153 illum
699 3095 869 3173 scriptorem
889 3095 1068 3172 adhibenda,
1089 3097 1249 3174 procedere
1264 3098 1380 3174 poteri-
1457 3108 1458 3159 i

243 3196 317 3252 mus,
336 3177 389 3235 nisi
409 3179 568 3238 accuratius
586 3177 716 3256 inhujus
737 3179 831 3254 unius,
851 3198 936 3255 quem
956 3187 1122 3256 tractamus,
1143 3181 1292 3260 scriptoris
1312 3201 1381 3259 pro·
1457 3164 1458 3195 l

242 3262 333 3339 priam
353 3262 507 3320 dictionem
528 3263 732 3341 propriumque
752 3274 834 3322 usum
856 3264 1041 3340 inquiramus.
1084 3267 1190 3343 Neque
1211 3265 1289 3324 enim
1309 3266 1381 3325 mul·

243 3353 302 3404 tum
324 3347 456 3423 adjuvat,
477 3365 563 3424 quum
584 3348 694 3407 turmae
711 3350 853 3425 quaedam
873 3349 918 3407 rel
936 3350 1075 3410 dictiones
1097 3352 1249 3410 traduntur
1266 3350 1382 3413 lonicae
1456 3362 1457 3442 q

244 3450 320 3507 esse,
343 3450 400 3510 qua
421 3432 458 3490 de
479 3451 512 3491 ra
529 3433 697 3511 plerumque
719 3431 796 3492 nulla
816 3441 862 3494 est
882 3433 1035 3510 dubitatio,
1056 3436 1082 3493 si
1102 3436 1267 3513 ignoramus
1286 3442 1381 3495 utrum

243 3516 428 3577 Herodoteae
445 3516 511 3576 illae
532 3519 590 3577 sint
604 3537 640 3576 an
658 3517 728 3576 alius
742 3517 832 3578 ionici
850 3520 1015 3598 scriptoris3
1034 3521 1060 3578 si
1073 3521 1249 3599 ignoramus,
1269 3522 1383 3581 etia-si

202 3597 205 3602 ’
244 3608 355 3659 constet
378 3603 556 3661 Herodotum
583 3622 633 3661 eas
655 3618 825 3681 usurpasse,
850 3610 944 3663 utrum
966 3622 1080 3683 semper
1105 3606 1141 3664 iis
1164 3625 1236 3665 usus
1259 3605 1328 3681 sit,
1345 3624 1382 3667 aa

244 3683 306 3742 aliis
328 3686 356 3741 in
379 3685 451 3742 locis
473 3687 528 3746 alia
542 3688 696 3746 admiserit.
740 3688 837 3756 Quare
849 3691 1003 3751 turnis-ad
1019 3695 1136 3751 nostros
1148 3690 1382 3766 comptissimus
1402 3728 1405 3737 .

245 3768 361 3827 codices
382 3766 453 3828 blss.
483 3771 566 3829 nobis
589 3771 811 3849 confugiendum
833 3779 886 3833 est.
929 3774 989 3832 Sed
1011 3773 1257 3851 bi,.qnurnquam
1270 3776 1383 3835 multius

245 3852 339 3912 adbuc
359 3853 467 3912 codicis
487 3864 647 3916 accuratam
667 3864 903 3935 constantemque
916 3858 1054 3919 habemns
1067 3859 1262 3935 oslhtioncm,
1279 3878 1319 3919 ne
1331 3878 1383 3920 eo·

253 3996 451 4006 m—

317 4092 349 4155 *)
377 4089 414 4141 Et
430 4087 517 4140 Gissii
540 4085 646 4155 quiden
671 4089 740 4143 liber
770 4091 803 4145 de
826 4091 940 4145 dialecto
964 4090 1070 4145 Aeolica
1095 4091 1261 4161 conscriptus
1285 4091 1313 4145 in
1334 4091 1386 4145 bac

247 4156 306 4224 ipsa
324 4157 437 4210 dialecto
461 4155 598 4209 tractanda
621 4159 757 4227 constitit,
782 4159 845 4229 quia
862 4169 956 4213 auctor
970 4170 1138 4229 praematura
1156 4168 1239 4215 morte
1256 4161 1384 4231 abreptus

246 4232 307 4290 ast,
333 4226 442 4280 alterius
461 4232 546 4278 autern
565 4224 644 4279 etiam
663 4225 772 4280 altarum
793 4229 912 4282 volumen
932 4227 966 4281 de
983 4229 1095 4282 dialecto
1113 4230 1212 4284 Dorica
1236 4245 1322 4300 nuper
1345 4234 1386 4283 est

247 4291 361 4359 sillium,
378 4296 447 4365 quod
469 4294 572 4365 quidem
591 4302 621 4349 ut
637 4297 816 4351 nanciscerern
834 4298 948 4363 nondum
965 4298 1029 4351 mitri
1048 4299 1173 4368 contigit.
