2942 4900
222 206 265 269 10
533 206 580 266 Ilo
600 206 719 266 dialecto
740 204 905 297 Herodotea
929 205 976 264 lib.
999 205 1023 267 1.

220 372 528 447 ortomdid'ereatiam,
556 370 1362 453 qnatnsuntitauaeotpsonanocoaedatooa

220 462 338 520 ioniam
360 460 520 535 rundatos,
540 460 591 517 red
612 459 707 538 potior
727 476 905 517 communem
929 461 1072 535 quandam
1101 462 1225 538 puerum
1249 460 1362 539 scriptio

219 548 278 623 jam
302 544 505 603 conformatam
524 543 686 602 litterariam
707 544 789 619 qnasi
810 543 959 602 madon
984 544 1127 620 tonnam,
1149 563 1223 620 qnae
1241 564 1295 624 pro
1316 546 1363 606 in·

222 630 290 690 dole
309 635 339 688 et
359 634 459 687 natura
479 628 601 704 cujusvis
620 629 772 706 scriptoris,
793 646 847 705 pro
866 633 1043 705 argumento,
1064 630 1144 705 quod
1163 630 1217 688 sibi
1239 631 1362 706 quisque

222 714 399 774 tradendum
418 715 553 791 oumpoit,
577 713 663 772 aliam
693 712 829 771 induebat
849 714 957 773 taciem.
1000 712 1196 781 Quareaand
1221 715 1263 772 ita
1286 715 1362 773 inter

223 819 256 859 oe
273 804 433 879 repugnant
456 798 625 875 testimonia,
648 797 848 876 Hippocratem
869 806 899 856 et
917 798 1123 875 moniam,
1145 793 1270 879 dupino
1286 793 1361 861 ’Iride

222 904 302 957 noo,
322 901 409 962 saepe
429 883 555 942 dinnano
578 883 664 942 tuisse
684 883 721 941 ab
742 883 883 942 Herodoti
904 884 1121 958 consuetudine,
1142 902 1228 959 qnam
1249 883 1360 960 Diony-

222 971 281 1030 sius
303 968 369 1028 Hal
391 968 462 1048 (Ep.
482 969 521 1026 ad
541 967 640 1046 Pomp,
661 967 712 1044 lll,
734 971 780 1038 16)
801 968 933 1044 optimam
954 968 1070 1026 lonicae
1094 969 1205 1026 dialecti
1232 986 1360 1027 normam

221 1073 285 1116 ecoe
305 1055 422 1132 scripsit.
466 1053 644 1129 Quamquam
670 1052 743 1110 bono
763 1051 874 1111 larniem
898 1054 936 1110 ad
954 1071 1015 1110 earn
1037 1054 1245 1129 parationem,
1272 1070 1359 1128 quam

221 1159 277 1199 noo
296 1139 474 1211 instituimur,
491 1157 549 1196 non
569 1155 683 1216 proroos
707 1138 864 1195 monsontio
894 1144 1021 1215 spectare
1042 1137 1128 1196 cuivis
1150 1137 1227 1197 iilum
1248 1137 1360 1213 Diony·

221 1226 257 1282 εὖ
282 1224 374 1282 boum
401 1223 557 1281 accuratius
580 1222 737 1299 inspicienti
765 1221 845 1281 ladle
869 1222 987 1299 patebit,
1008 1240 1095 1298 quarm
1118 1222 1157 1279 ibi
1177 1223 1224 1281 ille
1245 1223 1275 1280 iu
1295 1220 1359 1279 uui-

221 1326 333 1368 versum
352 1308 389 1365 de
415 1307 574 1366 sinceritate
597 1307 744 1366 vuaumm
773 1313 802 1364 et
828 1308 950 1384 puritate
970 1307 1104 1365 orationis
1132 1308 1239 1384 egerit,
1267 1324 1359 1381 eaque

223 1395 262 1452 cle
280 1409 365 1451 cama
390 1390 567 1448 Herodotum
593 1409 656 1449 nrm
684 1390 853 1466 Thucydide
873 1392 1091 1467 comparaverit3
1116 1410 1175 1467 qrro
1188 1393 1273 1450 ffiam
1291 1390 1358 1448 Plri-

222 1477 340 1536 lmonis
360 1476 533 1550 grammatici
552 1475 638 1534 rerba
660 1475 750 1553 (apud
769 1475 904 1554 Porphyr.
923 1476 1040 1543 Quaest.
1062 1475 1149 1537 Hom.
1174 1496 1201 1537 c.
1229 1475 1261 1553 Β)
1281 1476 1358 1533 rese·

151 1564 154 1569 ’
222 1563 312 1622 rmda
332 1578 393 1618 esse
414 1561 556 1618 videntur:
576 1554 738 1642 Ἡρόδοτον
761 1555 874 1640 ἀκριβῆ
893 1581 925 1622 ce
951 1557 1026 1622 livea
1050 1558 1120 1634 περὶ
1149 1556 1187 1621 roi
1213 1554 1357 1637 ὀνόματα,

222 1644 274 1708 nol
294 1637 379 1707 advo
400 1642 541 1718 ἐπιεικῶς
569 1639 791 1725 φροντιστικόν.
840 1648 898 1703 Sed
925 1647 1053 1702 conferas
1080 1645 1202 1720 Gregor.
1232 1646 1299 1702 Cor.
1327 1663 1357 1725 p.

222 1729 322 1808 tried.
343 1729 470 1806 Sabaei.)
492 1730 593 1793 Creon.
614 1729 676 1790 Art.
698 1730 774 1791 Hist.
796 1749 824 1807 p.
850 1734 909 1802 191,
932 1736 961 1788 et
984 1729 1078 1787 l’lrotii
1092 1730 1165 1788 Cod.
1190 1730 1237 1788 lX.
1259 1748 1287 1807 p.
1312 1733 1358 1805 59,

223 1814 271 1874 nbi
292 1814 420 1890 ἰωνικῆς
443 1813 598 1877 διαλέκτου
620 1810 723 1876 κανών
743 1814 900 1892 appellatur
920 1814 1095 1873 Herodotus.

306 1900 496 1979 Hippocrates
520 1902 592 1958 enim
614 1901 736 1959 urerlicno
758 1918 849 1975 aeqrre
870 1918 904 1957 ae
924 1898 1091 1976 topographi
1111 1896 1171 1955 cirre
1196 1915 1231 1954 ea
1251 1901 1314 1954 arte
1328 1903 1360 1954 et

220 1985 349 2057 artifinio,
371 1986 431 2045 niue
452 1986 564 2063 poetico
588 1984 695 2057 colore,
727 1984 838 2059 qualern
864 1985 941 2062 apud
967 1984 1144 2041 Herodotum
1171 1982 1359 2060 deprehendi·

219 2090 293 2143 mus,
316 2070 416 2130 Jonion
437 2069 557 2127 dialecto
578 2069 622 2126 noi
643 2076 709 2125 sont
724 2070 825 2145 partim
846 2068 962 2145 simplici
984 2069 1085 2146 partirn
1105 2069 1258 2125 formarum
1287 2084 1359 2141 qna-

219 2156 348 2213 rumdam
388 2156 560 2228 degenerum
598 2154 784 2224 exuberante,
823 2171 993 2228 qrramquanr
1026 2152 1228 2230 Hippocratem
1263 2148 1359 2208 Attica

221 2238 361 2313 quaedam
382 2237 563 2294 admiscuisse
583 2245 680 2295 notum
701 2246 744 2296 est
771 2239 820 2313 (ct.
844 2238 920 2296 Gies.
947 2238 964 2293 l
994 2237 1013 2295 l.
1038 2256 1065 2315 p.
1090 2242 1140 2295 loa
1164 2238 1253 2311 sqq).
1298 2235 1359 2293 He-
1459 2312 1460 2315 Ἴ

218 2323 340 2393 rodoino
360 2340 428 2379 vero
454 2320 611 2390 artificiose,
642 2327 673 2378 nt
695 2321 755 2397 jam
781 2341 867 2401 sopra
893 2321 1002 2393 monui,
1031 2340 1110 2379 snam
1136 2321 1188 2378 sibi
1217 2322 1359 2398 propriam

221 2406 372 2465 rtictionem
387 2406 559 2484 composuit3
577 2407 627 2465 sed
648 2411 742 2465 tamen
763 2425 797 2466 ea
818 2427 852 2466 ex
870 2424 958 2483 ,mma
979 2425 1031 2483 pro
1053 2423 1150 2464 norma
1172 2404 1293 2463 babetur
1306 2404 1360 2463 Jo-

221 2493 300 2550 nicae
323 2490 445 2569 dialecti,
466 2493 532 2567 qrria
552 2491 752 2569 simplicissime
776 2511 819 2568 ea,
840 2511 913 2568 qnae
932 2499 1033 2550 natium
1054 2491 1117 2548 hnic
1146 2490 1265 2549 dialecto
1293 2497 1361 2549 sont

220 2576 314 2650 inn'ta,
339 2576 485 2654 explicuit,
508 2585 537 2635 et
563 2577 591 2634 in
619 2595 726 2635 oumnra
758 2578 933 2655 simplicitate
960 2578 1030 2633 nitet
1058 2574 1208 2633 cultissima
1231 2575 1361 2632 oratioue

221 2666 252 2719 et
271 2660 410 2734 nbmtate,
432 2668 519 2737 atque
539 2662 660 2720 medium
682 2662 817 2737 quiddam
846 2663 936 2719 tennit
961 2662 1034 2717 inter
1059 2678 1188 2736 asperam
1216 2662 1360 2735 quandum

220 2748 385 2805 tenuitatem
405 2748 628 2823 ariditatemque,
651 2754 680 2805 et
701 2748 814 2804 nimium
840 2747 949 2804 artificii
970 2745 1094 2803 studium
1118 2753 1149 2802 et
1175 2745 1255 2820 quasi
1278 2744 1361 2801 lrrxn·

218 2833 288 2890 riam
312 2832 430 2890 abarum
457 2832 484 2890 in
512 2833 673 2890 adhibenda
699 2831 801 2888 donica
829 2831 941 2906 lingaa;
974 2849 1059 2906 quarn
1092 2829 1165 2886 enim
1194 2829 1361 2904 Jnnismorn5

220 2916 310 2991 qualia
332 2924 376 2974 est
396 2916 513 2972 aliorum
534 2925 562 2974 et
583 2917 611 2972 in
637 2917 817 2992 Hippocratis
844 2917 965 2993 scriptis,
987 2933 1060 2990 qnae
1080 2913 1195 2989 quidem
1216 2913 1310 2971 multia
1331 2915 1359 2971 in

219 3000 347 3076 portibus
362 2999 529 3058 recentiores
551 3000 676 3076 produnt
696 3005 826 3058 auctores
850 3007 879 3058 et
904 3000 996 3057 mirare
1013 3003 1177 3075 exspectant
1197 3017 1278 3056 soom
1305 2999 1359 3056 cri·

219 3085 316 3155 ticum,
337 3082 572 3160 contemplamur,
599 3100 685 3161 oaepe
710 3085 837 3142 ridemus
864 3086 998 3142 luxoriam
1026 3084 1167 3158 qrrandana
1194 3091 1281 3159 atque
1309 3083 1360 3140 de-

218 3167 368 3226 flexionem
400 3186 418 3224 a
448 3168 548 3224 nativis
575 3168 838 3246 simplicissimisqae
868 3170 965 3228 sororiis
994 3171 1030 3226 acl
1058 3168 1143 3242 alins,
1172 3169 1219 3225 nbi
1248 3165 1362 3225 uocales

220 3252 356 3328 quasdam
375 3251 532 3327 illegitimas
551 3252 632 3328 juxta
656 3254 738 3312 aliam
763 3254 886 3312 vocalem
910 3255 952 3311 vel
976 3253 1183 3330 diphthongum
1203 3254 1268 3309 ideo
1293 3271 1360 3329 [rer-

219 3351 316 3416 peram
343 3338 532 3412 inseruerunt,
562 3339 640 3412 qnod
673 3357 770 3397 eorrrrn
800 3357 881 3396 aures
909 3340 1014 3395 bacin
1045 3337 1165 3394 dialecto
1198 3336 1362 3394 adbibendar

219 3421 305 3481 oemel
326 3422 501 3480 assuefactae
523 3428 601 3481 erant
623 3425 660 3481 ad
680 3442 782 3481 sonum
810 3423 1008 3480 dissolatarasn
1037 3419 1278 3498 dipbtlrnngornm
1306 3422 1360 3480 du-

218 3506 380 3586 plicamque
399 3508 547 3581 vocalium,
570 3528 687 3584 quarum
707 3509 799 3586 prima
820 3527 906 3583 qrruru
933 3507 1053 3581 rrrlgoe
1077 3507 1117 3562 rei
1138 3516 1240 3564 notura
1254 3505 1360 3563 ‘littera

221 3593 342 3664 iamet,
364 3611 399 3650 ea
420 3595 503 3651 etiam
525 3601 590 3651 ante
611 3593 679 3652 alias
700 3593 812 3650 vocales
841 3600 870 3649 et
898 3592 1091 3667 diphthongos
1118 3610 1175 3647 non
1203 3589 1360 3647 ‹lincolnen-

222 3676 274 3732 das
291 3678 351 3734 sine
374 3695 458 3734 eausa
481 3683 524 3734 est
545 3679 659 3737 intrusa.
703 3677 770 3745 Quo
790 3682 883 3734 autem
905 3682 1032 3752 tempore
1054 3676 1124 3732 haec
1145 3675 1256 3734 dialecti
1277 3675 1360 3732 Juni-

220 3780 275 3819 cue
290 3760 357 3818 vitia
380 3763 499 3836 grassari
523 3764 684 3841 inceperint,
711 3768 739 3822 ct
762 3780 846 3838 qnanr
873 3760 929 3820 late
959 3778 1073 3836 qnoque
1091 3767 1217 3837 tempore
1232 3766 1359 3836 pateant,

220 3864 390 3921 quamquam
414 3846 526 3905 difficile
544 3867 605 3905 esse
627 3849 738 3906 videtur
759 3852 887 3922 accprate
908 3845 1035 3918 (lebuine,
1057 3850 1151 3903 tomen
1174 3853 1205 3903 nt
1227 3843 1360 3902 Herodo-

221 3936 283 3988 tum
303 3931 340 3987 ab
358 3930 390 3987 iis
414 3932 583 3989 abstinuisse
604 3934 757 4002 contendo,
779 3934 819 3990 sic
843 3931 966 4007 quadarn
983 3949 1017 3988 ex
1039 3934 1120 4005 parte
1146 3947 1213 3986 vere
1242 3929 1275 3984 iis
1300 3927 1361 4001 jam

220 4014 324 4076 insecta
356 4033 418 4073 esse
448 4015 630 4092 Hippocratis
660 4015 780 4090 scripta,
808 4016 914 4091 qnippe
943 4031 1017 4088 qnae
1043 4009 1176 4090 deposco
1203 4006 1284 4073 ’Iride
1310 4030 1361 4069 cx-

222 4099 383 4176 prcsserint,
404 4100 478 4157 haud
502 4117 583 4172 nego.
628 4095 666 4154 Et
688 4104 719 4154 nt
747 4099 859 4154 omnino
889 4098 988 4155 Jonica
1015 4096 1150 4155 dialectos
1180 4096 1209 4155 iu
1237 4108 1361 4156 veterem

223 4187 253 4239 et
278 4199 380 4240 novam
411 4180 537 4240 distribui
565 4179 653 4255 solet,
676 4181 715 4238 sic
750 4185 779 4237 et
808 4177 878 4240 baec
903 4201 999 4239 recens
1025 4180 1053 4240 in
1081 4182 1187 4258 species
1213 4181 1362 4258 quasdam,

223 4268 395 4343 procedente
414 4271 544 4342 tempore
561 4269 652 4336 natas,
675 4263 827 4326 dividenda
847 4284 910 4326 esse
926 4265 992 4326 mibi
1008 4265 1126 4350 videtur.
1161 4267 1221 4328 Sed
1238 4266 1363 4330 aedium
