2942 4900
241 164 283 229 88
558 168 604 227 De
625 168 756 238 dialecto
768 167 935 227 Herodotea
955 168 1049 232 liat

242 351 276 393 ac
295 334 400 396 rationi
420 339 450 392 et
469 332 622 410 analogiae
639 334 807 394 obedientes
821 353 886 394 esse
900 335 1038 397 adimus.
1080 334 1166 393 llaec
1182 335 1270 409 ratio,
1290 352 1376 411 qnam
1461 353 1462 392 ι

240 418 271 476 in
291 417 485 495 superioribus
503 419 563 494 jam
586 419 676 477 secuti
705 439 821 491 ιιιιιιιιι,
846 438 865 478 a
886 418 1056 479 Godoiredo
1077 418 1242 479 Hermanno
1265 420 1327 496 jam
1346 419 1374 478 ia

241 500 421 578 praefatione
437 503 474 560 ad
495 502 612 561 Homeri
630 501 792 578 Odyssean
809 503 962 581 (Opnacul.
980 503 1035 577 lli,
1056 523 1086 580 p.
1107 505 1142 562 79
1163 502 1244 580 aqq.)
1268 503 1327 562 alia
1347 503 1378 562 in

242 604 275 644 re
293 590 459 659 monstrata,
480 588 634 645 ostiario
655 606 765 645 sommo
786 606 850 646 cam
870 588 964 647 lructu
987 587 1174 647 Herodoteae
1196 587 1296 648 critice
1316 591 1378 645 tra-

243 670 364 727 ctandae
378 671 500 727 orationi
513 670 642 729 adbibita
654 676 715 739 est3
735 690 820 748 qnam
841 671 1016 731 utilissimam
1037 675 1137 730 nostro
1155 675 1289 730 navatam
1306 690 1378 748 ope·

175 768 178 774 ’
242 771 303 811 ram
318 773 354 813 ne
366 753 498 813 Stnrviua
519 754 709 830 condonaret,
729 762 823 814 morte
840 762 887 816 eat
894 756 1066 856 prohibitos.
1108 752 1183 815 Nom
1199 756 1256 816 tria
1268 761 1380 814 tantnm

243 838 440 914 quaestionum
460 839 497 897 de
517 838 642 897 dialecto
657 838 804 899 Herodoti
823 843 980 919 specimina
1000 841 1148 913 ediderat,
1170 839 1208 899 ‹le
1228 840 1380 918 pronomi-

243 915 367 979 nibua‘'
347 939 429 995 οστις
449 917 523 981 et*
503 946 539 995 ος
558 922 684 1000 (Regin
707 924 806 1003 1828),
836 926 873 984 de
894 925 1084 984 declinatione
1108 924 1253 984 roncinum
1276 925 1306 983 in
1327 949 1381 998 ευς

243 1005 404 1064 exeuntium
431 1004 558 1084 (Regim
579 1007 662 1084 1829)
691 1015 720 1067 et
747 1011 786 1069 de
813 1006 1019 1089 orthographia
1046 1008 1176 1068 vocabuli
1202 1004 1320 1089 θῶιιμα
1350 1016 1381 1072 et

243 1087 442 1148 derivatorum.

326 1173 391 1232 Hac
411 1174 498 1251 igitar
522 1176 569 1233 via
587 1178 802 1254 procedendum
822 1175 888 1236 mihi
911 1181 991 1254 es'se,
1015 1197 1069 1256 pro
1091 1182 1171 1236 certo
1192 1147 1303 1248 habe03
1325 1178 1381 1237 aed

241 1274 280 1315 ne
302 1275 417 1336 semper
438 1259 595 1337 repetenda
616 1262 688 1336 nint,
713 1280 788 1339 qnae
810 1262 868 1338 jam
893 1280 946 1340 pro
974 1262 1127 1340 exploratio
1152 1260 1287 1322 habenda
1313 1280 1382 1321 esse

242 1341 386 1417 videntur,
407 1346 437 1400 et
454 1361 529 1419 quae
547 1344 606 1420 jam
627 1345 656 1403 in
678 1346 804 1404 editione
823 1362 841 1404 a
862 1362 894 1405 re
915 1348 1014 1405 critica
1034 1346 1154 1424 optima,
1175 1351 1207 1404 ιιι
1221 1364 1299 1406 nunc
1313 1348 1383 1425 qni-

243 1424 310 1485 dem
336 1430 402 1483 mot
422 1427 565 1485 editiones
586 1428 785 1502 Herodoteae,
810 1430 1019 1491 Belrlrerianam
1040 1432 1122 1505 dico,
1151 1430 1310 1490 rectissime
1331 1451 1384 1491 re-

242 1508 344 1566 stituta
360 1514 444 1583 sont,
472 1509 528 1569 hac
548 1512 675 1572 editione
696 1515 820 1592 innitar,
847 1521 878 1574 et
904 1535 938 1574 ex
959 1534 1078 1574 numero
1099 1514 1236 1573 contrarii
1261 1515 1383 1590 generis

243 1591 280 1649 ad
301 1591 532 1653 Gairiordianam
551 1591 730 1693 potissimum
758 1600 917 1677 respiciam.
969 1600 1022 1658 Illa
1046 1599 1120 1658 enim
1143 1598 1252 1675 editio,
1279 1618 1385 1676 qnam·

242 1693 329 1752 qnam
347 1679 532 1755 permulta
506 1698 533 1737 cr
554 1680 660 1757 ineant,
677 1699 752 1760 qnae
770 1703 875 1742 vereor
894 1691 927 1743 nt
947 1684 1077 1744 omnibus
1097 1683 1266 1761 probentur,
1284 1691 1384 1744 tomen

241 1759 334 1836 prima
355 1764 533 1837 quorundam
551 1765 702 1826 verborum
724 1769 913 1827 constantiam
934 1771 1087 1848 quandam,
1107 1786 1126 1826 a
1148 1768 1266 1825 Stravio
1286 1769 1385 1845 potis-

242 1842 344 1903 simum
361 1846 421 1921 J'am
442 1856 509 1906 ante
530 1849 773 1928 demonstratam,
800 1860 1017 1932 perrcootaeat
1029 1892 1040 1929 ,
1062 1872 1149 1930 quum
1170 1851 1240 1911 haec
1264 1854 1386 1931 saepius

243 1927 328 1986 etiam
349 1930 581 2079 ctollocationes
573 1954 651 2013 rpoao
671 1938 801 1996 codicum
821 1936 867 1997 rel
889 1937 1069 2015 negligenter
1091 1936 1219 1996 tractarit
1232 1937 1279 1995 rel
1296 1937 1387 2017 plane

243 2011 359 2073 omiaeri
