2942 4900
484 242 530 303 lle
549 244 671 304 &aare
690 242 857 305 lluodctm
876 245 925 311 lili.
947 245 969 307 l·
1241 243 1282 308 ll

139 413 208 475 iliad
233 413 270 475 ab
297 408 548 488 miuaiaaritiais
577 412 652 473 omni
681 411 712 471 in
742 411 1097 491 guerepraedieahehr
1127 417 1280 495 eptimam

140 517 234 575 quere
252 516 288 557 ex
299 498 399 557 «tritas
419 494 553 572 illis,.qui
577 496 717 575 principes
741 497 889 570 hahentur,
907 498 1020 575 tragicis
1044 514 1139 577 neque
1155 499 1282 580 Aeselrp·

140 583 170 645 lo
191 581 442 659 aequeaanptoi,
455 581 507 641 red
531 580 666 659 Sophocli
688 580 781 659 palma
801 590 845 641 eat
870 582 974 645 deleta.

86 687 89 691 ·
228 667 314 743 Atqui
341 685 407 725 oasa
432 665 519 725 rehas
551 666 605 724 illia
636 666 803 726 flendam
840 667 968 727 lonim
1001 668 1122 747 propriis
1151 669 1282 731 mollities

141 752 299 829 quedam,
325 750 442 815 homae
462 749 652 826 gentihaiam
676 751 827 823 minorans,
851 752 983 831 imprimis
1008 753 1129 831 Lydiam
1149 754 1281 814 incolenti

140 837 235 896 nahra
256 843 286 895 et
307 837 430 895 mxima
454 835 551 914 paullo
572 842 638 895 ente
665 835 777 895 Persica
805 836 892 914 helle,
919 838 1071 914 conjuncta
1100 845 1158 911 eet,
1180 858 1281 915 quarn·

139 939 226 996 qaam
246 938 333 999 saepe
353 922 424 979 haec
446 920 546 979 loaica
566 920 702 979 dialectos
729 923 870 981 consentit
902 941 965 981 anm
992 924 1161 999 quibasdam
1187 938 1280 984 uarat

139 1004 261 1066 Doricae
285 1005 409 1083 dialecti,
429 1004 541 1080 qualem
561 1006 640 1083 apud
658 1005 840 1064 Theocritum
860 1007 1023 1080 meruimus,
1044 1008 1193 1067 rethorum
1208 1026 1280 1069 con·

139 1090 370 1162 sermotionihns3
392 1091 468 1149 unde
492 1089 581 1148 facile.
598 1090 697 1165 conici
717 1091 815 1169 possit,
838 1091 911 1150 hanc
935 1111 1109 1151 communem
1128 1112 1215 1168 qnam
1230 1113 1281 1152 sar·

138 1194 192 1253 pra
213 1175 376 1235 litterariam
404 1174 525 1233 diximus
552 1174 702 1235 dialectum
728 1175 845 1253 propius
874 1177 991 1235 Caricae
1017 1179 1167 1236 amesiae
1193 1197 1279 1254 quara

138 1260 266 1332 Sauriam
290 1278 348 1335 qno
366 1261 476 1319 aceedit
496 1260 581 1319 mem
601 1260 724 1319 atflnitas
748 1263 887 1336 quaedam
906 1261 1091 1321 Herodoteae
1111 1268 1141 1321 et
1166 1263 1278 1342 Hippo·
1341 1332 1343 1335 ι

137 1351 251 1407 autea
269 1345 382 1403 dialecti
405 1363 471 1403 com
490 1350 586 1403 vetere
602 1343 758 1403 Atticiemo.
871 1388 874 1393 »

222 1429 256 1486 Si
279 1429 447 1489 Herodotus
474 1429 560 1505 igitar
584 1448 654 1506 prae
670 1430 779 1505 sueteris
806 1449 859 1507 pro
892 1448 990 1489 uernae
1015 1430 1134 1491 recentis
1162 1430 1280 1490 lonicae

139 1512 250 1573 «helecti
268 1520 315 1572 est
335 1514 492 1586 habendes,
513 1515 543 1572 io
565 1515 668 1573 nostris
684 1522 777 1572 autern
802 1515 870 1572 hias.
896 1515 943 1573 vin
959 1514 1105 1590 vestigium
1121 1515 1208 1574 ullum
1225 1515 1279 1574 ha-

135 1598 184 1672 ias
204 1617 319 1657 nonnae
338 1604 383 1657 eet
405 1598 546 1671 relictum,
568 1617 605 1657 ne
625 1600 655 1659 ia
682 1600 716 1657 iis
743 1600 874 1675 quidem,
901 1600 950 1674 qui
978 1600 1084 1657 exarati
1114 1607 1184 1659 sunt
1211 1606 1279 1659 ante

139 1681 263 1739 wealom
286 1682 371 1754 xlta,
393 1701 451 1759 qno
473 1684 622 1761 praecipue
643 1683 857 1760 negligentiam,
880 1684 1016 1743 inscitiam
1036 1692 1124 1760 etque
1150 1685 1279 1744 ineman

137 1765 314 1824 librariorum
351 1767 407 1826 late
440 1768 538 1844 uagari
571 1768 708 1845 incepisse
739 1770 840 1827 adarna
871 1769 941 1843 (ct
961 1769 1073 1827 Heeren
1104 1768 1122 1827 l.
1150 1769 1168 1826 l
1195 1769 1220 1828 1.
1245 1790 1277 1848 p.

137 1854 192 1909 303
210 1853 304 1926 sqq),
324 1859 355 1910 nt
377 1852 468 1910 Codd.
495 1852 534 1911 hl.
556 1852 593 1911 F.
614 1852 646 1910 P.
671 1872 696 1911 a.
719 1853 771 1930 (cf.
793 1852 895 1914 Praeti.
917 1854 1007 1912 Wesa.
1029 1853 1228 1929 etSchneigh.
1248 1859 1278 1914 et

136 1930 229 1994 Wcss.
251 1935 327 1997 Dies.
347 1937 516 2016 Heroden),
536 1943 829 2009 mnsmmmnmast,
854 1937 914 1995 illas
926 1939 1022 1996 Codd.
1047 1938 1285 1997 Herodoteernm-

135 2020 353 2097 depravationes
390 2038 480 2098 usque
511 2022 548 2080 ab
575 2023 774 2097 antiquissimis
802 2022 976 2099 temporibus
1005 2023 1173 2099 repetendas
1206 2041 1277 2082 esse.

134 2102 239 2180 Neque
266 2124 336 2165 vero
360 2106 568 2166 desuntnohis
594 2106 677 2181 hujus
708 2108 748 2165 rei
777 2108 927 2167 centesima
953 2112 1079 2167 veterum
1110 2107 1278 2183 scriptorum

130 2191 294 2250 testimonie
313 2196 400 2268 atque
430 2191 541 2250 indicia.
588 2190 684 2268 Atque
712 2192 771 2268 pm
798 2191 963 2250 Aristoteles
990 2208 1042 2249 suo
1070 2191 1098 2248 in
1127 2191 1280 2268 exemplari

133 2275 243 2333 initiam
264 2275 422 2334 Herodotei
442 2276 536 2354 operis
557 2276 637 2335 aliter
658 2296 692 2335 ae
711 2296 764 2335 nos
793 2277 894 2353 legisse
920 2277 1045 2349 videtur,
1073 2295 1161 2352 mum
1186 2275 1215 2335 id
1247 2277 1277 2335 in
1304 2322 1309 2327 .

133 2359 233 2418 Rhea
261 2360 310 2418 lll.
331 2365 350 2419 9
369 2361 430 2422 init.
453 2363 494 2420 sic
513 2361 659 2423 exhibeat:
684 2356 846 2441 Ἡροδότου
870 2364 1003 2441 Θουρίου
1023 2356 1081 2439 ἥδε
1097 2359 1179 2422 totle
1199 2355 1278 2423 ded

134 2445 383 2521 deneng-aonias
409 2446 606 2525 appellationis
630 2449 764 2526 docetor
786 2447 890 2508 nahts
909 2449 939 2506 in
967 2447 1036 2505 hies.
1063 2462 1101 2505 ae
1126 2446 1277 2523 vestigium

133 2530 249 2606 quidem
281 2550 360 2590 nane
385 2532 518 2591 invenias.
567 2533 626 2591 Sed
647 2534 732 2591 etiarn
758 2533 832 2592 Plut.
864 2533 901 2591 de
926 2532 1017 2591 Exilia
1039 2551 1063 2591 c.
1098 2537 1131 2591 13
1157 2534 1277 2591 eandem

132 2616 290 2693 scripturae
307 2617 471 2675 umietatem
495 2618 737 2690 commemoravit3
762 2614 795 2679 re*
815 2615 849 2679 di
874 2614 1060 2695 ,‚‘Hpoddrou
1081 2614 1277 2697 itinerprae-

136 2697 213 2772 σὲως
235 2695 391 2775 ἀπόδειξις
415 2697 493 2774 ἥδέ(
514 2700 621 2763 πολλοὶ
643 2697 871 2781 μεταγράφουσι
898 2697 1084 2777 „wenedos
1113 2701 1278 2779 Govaloe.“

221 2783 368 2846 Praeterea
379 2786 524 2845 Philemon
533 2787 743 2862 grammaticus,
755 2787 802 2861 qni
820 2787 959 2854 referente
970 2785 1127 2862 Porphyrio
1144 2787 1276 2861 (Quaere

133 2868 221 2927 Hem.
242 2890 267 2928 a
289 2870 366 2929 vm.
392 2891 421 2950 p.
446 2877 479 2930 18
508 2889 571 2946 sqq.
596 2869 788 2948 [Argentorati
810 2890 884 2932 anno
918 2870 1064 2950 1539]*)),
1083 2871 1277 2930 Herodoteam

134 2955 462 3027 arationem-recensuit,
484 2956 576 3014 multia
597 2976 651 3014 sue
678 2957 738 3032 jam
764 2963 890 3034 terrrpore
901 2956 945 3032 **)
975 2958 1070 3014 Coeld.
1096 2957 1278 3017 Herodetens

132 3040 208 3098 vitiis
233 3040 364 3098 toedetm
386 3060 456 3099 esse
469 3042 601 3114 affirmet,
622 3042 731 3119 ipsique
752 3042 950 3118 negligentiam
975 3041 1149 3101 librationum
1172 3041 1200 3100 in
1216 3048 1277 3101 rta-

131 3124 258 3183 hilimrde
278 3126 402 3199 quadam
423 3127 562 3204 scriptura
583 3128 674 3185 fraudi
696 3125 791 3197 faiam,
821 3127 894 3184 intra
920 3146 950 3204 p.
977 3132 1012 3186 dh
1042 3145 1084 3202 sq.
1110 3127 1275 3190 uidebimus.

131 3209 184 3267 Et.
203 3216 340 3284 quartum
359 3229 396 3268 ex
428 3211 566 3288 corruptis
594 3217 623 3269 et
649 3212 784 3269 mutilatis
814 3211 985 3287 grammatici
1013 3211 1157 3286 enjusdam
1184 3211 1277 3270 verbis

132 3296 162 3352 in
184 3293 284 3353 Hortis
305 3293 445 3354 Adonidis
465 3296 553 3355 videri
568 3296 642 3368 licet,
659 3297 840 3355 Herodianus
858 3297 1057 3371 grammaticus
1077 3315 1130 3374 pro
1155 3297 1277 3373 vulgatis

130 3372 211 3440 'Indu
229 3374 290 3455 τὴν
313 3373 431 3459 Ἰνάχου
452 3381 476 3439 Ι.
503 3388 527 3440 l.
549 3380 683 3459 scriptam
698 3381 800 3457 legisse
816 3383 928 3442 ridetur
947 3377 1005 3459 τήν
1016 3375 1161 3459 Ἰναχοῦν.
1182 3381 1277 3440 Etiam

132 3464 212 3541 apud
237 3464 412 3542 Qhenum
433 3465 601 3542 Byzantium
623 3467 737 3528 nomine
764 3468 904 3541 quaedem
929 3467 1060 3544 propria,
1085 3473 1118 3524 ut
1143 3465 1277 3524 Herodo-

132 3554 191 3621 taa,
212 3548 339 3626 inmisi,
361 3569 435 3626 qnae
455 3570 519 3609 non·
533 3551 586 3609 nisi
611 3552 784 3629 depravatae
813 3549 929 3625 ahenjns
957 3550 1033 3607 rerhi
1065 3551 1223 3628 scripturae
1246 3555 1277 3607 et

134 3637 245 3690 nsua
264 3636 393 3693 accentui
413 3636 549 3711 originem
576 3635 720 3709 deberem
738 3634 798 3708 jam
822 3634 899 3692 docti
914 3634 1084 3711 interpretes
1108 3635 1145 3693 ad
1175 3635 1196 3693 l.
1226 3640 1278 3695 m

133 3724 320 3789 monuerunt3
340 3720 383 3777 cni
399 3719 462 3778 loco
485 3721 575 3779 addas
596 3727 627 3779 et
650 3722 779 3779 conferas
801 3718 885 3776 elium
906 3719 989 3777 etiarn
1010 3720 1151 3795 quendam
1173 3720 1195 3783 1.
1227 3724 1278 3780 176
1301 3721 1305 3725 ⁴

133 3797 256 3859 Aldinae
283 3801 421 3884 editionis
434 3800 463 3864 et
485 3824 558 3881 quac
583 3824 618 3863 ex
643 3823 677 3862 ea
698 3804 864 3864 auctoritate
888 3805 1026 3883 pendent,
1051 3806 1205 3864 editionum
1221 3807 1277 3863 Ba·

203 3987 226 4051 ’)
246 3987 307 4039 Hoc
323 3995 412 4058 caput,
431 3988 465 4041 de
479 3986 636 4041 condicione
652 4004 684 4039 ac
701 3986 890 4055 depravatione
904 3987 957 4041 illis
972 3988 1025 4056 jam
1040 3987 1278 4057 temporiheslaaud

130 4072 193 4109 rara
214 4054 279 4108 Μαι.
297 4056 435 4121 librorum,
463 4056 585 4125 imprimis
603 4072 689 4108 rerum
711 4054 868 4126 scriptorum
886 4068 914 4112 et
932 4066 1083 4128 poetaram,
1101 4056 1279 4116 memorabiles

131 4124 269 4177 contineas
282 4143 335 4190 rea,
351 4133 435 4179 totum
454 4125 505 4176 huo
522 4124 767 4194 memneripslsmm
787 4126 837 4179 nisi
855 4126 956 4179 veritas
973 4143 1056 4180 essene
1075 4126 1163 4198 plures
1181 4144 1214 4180 ne
1230 4127 1278 4180 irn-

131 4194 230 4264 plerem
249 4194 360 4263 paginas
379 4199 456 4246 rehos
471 4193 585 4246 tortasse
603 4194 719 4248 omnibus
734 4194 788 4261 jara
806 4195 871 4248 satis
889 4195 968 4249 notis.

98 4270 103 4279 '
204 4264 239 4327 ⁴⁴)
258 4265 300 4317 hs
316 4264 393 4332 hujus
410 4262 568 4315 Philemonis
585 4263 746 4329 grammatici
763 4272 853 4318 aetate
869 4263 1031 4333 aliorumque
1054 4264 1170 4332 ejusdcm
1195 4264 1278 4319 nomi·

132 4331 172 4386 nia
192 4332 254 4387 vide
272 4333 370 4390 Osann.
389 4332 535 4400 Prolegom.
553 4331 588 4387 ad
607 4333 713 4387 Philam.
730 4350 773 4403 gre
791 4334 872 4403 Frag·
893 4352 919 4405 p.
939 4333 987 4388 Vl.
1011 4349 1069 4403 sqq.
