2942 4900
222 189 288 257 ιιι
409 162 413 167 “
523 190 569 252 ιι.
588 189 712 273 niueae
732 186 900 250 nemeaea
921 189 971 254 ιιι.
992 188 1078 271 ιιι..

138 376 144 388 ’
223 360 368 442 reposuit,
394 356 459 418 aliia
486 360 571 419 etiam
592 356 722 419 omnibus
744 358 774 414 iu
795 356 868 416 toeia
885 361 1051 416 constanter
1071 360 1233 432 servatum,
1264 357 1309 416 eie
1330 364 1363 418 et

36 422 46 439 ⁰
111 468 114 475 ⁴
223 447 253 509 in
274 446 339 513 istiu
359 447 494 520 quattuor
514 443 586 502 tucia
607 441 706 520 procui
726 439 814 499 dubio
836 439 867 513 ἐς
886 435 904 503 ὅ
924 441 1082 501 rescribere
1100 441 1263 513 debebat„
1320 464 1322 469 ·

307 526 471 587 Pronomen
490 527 654 587 reflexivum
673 524 776 584 tertiae
789 543 931 601 personae
946 523 1041 584 Attice
1054 527 1140 583 etiam
1152 544 1206 603 pro
1220 528 1362 603 secunda,

92 628 95 635 ⁴
223 614 316 673 ιιιίιιι
332 631 388 690 pro
409 613 500 689 prima
519 611 644 689 positum
661 626 737 683 eane,
758 610 875 685 ejusque
896 626 965 668 naus
987 610 1128 686 quaedam
1149 610 1281 687 exempla
1299 612 1360 688 jam

224 697 442 771 satiaantiqua
465 701 544 754 oerta
568 712 650 768 enee,
676 711 711 752 ao
737 693 914 780 propedeute
940 699 1072 771 tempore
1093 695 1184 770 magis
1208 696 1361 774 magisque

180 790 183 796 ’
225 780 365 840 cumulata
385 797 467 854 eure,
490 780 565 836 iuter
587 795 687 836 omnes
709 781 823 834 constat
849 777 888 837 ct.
909 776 1025 836 Ruhnlr.
1047 779 1084 836 ad
1106 778 1184 839 Tim.
1207 776 1261 841 lex.
1284 779 1361 837 Piat.

224 885 256 945 p.
271 869 317 924 92.
346 861 449 921 Mattio.
469 882 513 940 gr·
528 880 574 937 gr.
587 860 629 934 11,
642 880 672 937 p.
688 864 768 920 1988.
797 859 965 936 Bernhardy
982 867 1057 937 synt.
1073 863 1178 922 Graec.
1194 883 1224 940 p.
1239 867 1291 923 272
1309 882 1358 940 eq.

97 952 112 969 ‘
226 955 305 1026 etp.
326 949 379 1006 286
401 964 445 1022 aq.
477 945 596 1003 Antiatt.
619 944 714 1003 Bekk·
734 944 761 1022 1,
783 963 812 1020 p.
836 947 869 1005 77
892 944 956 1003 noll·
978 964 1042 1003 cnm
1062 966 1092 1024 p.
1113 951 1178 1022 467,
1197 950 1242 1005 28.
1274 947 1359 1008 Suid.

225 1051 251 1095 ι.
272 1050 301 1093 v.
324 1028 431 1113 ἑαυτῷ.
464 1027 536 1092 Plat.
550 1027 657 1088 Phaed.
671 1032 706 1087 91
720 1028 755 1084 C.
768 1027 914 1106 (Heind.).
945 1029 1088 1107 Interppr.
1112 1031 1156 1088 ad
1171 1029 1264 1107 Soph.
1282 1031 1361 1089 Oed.

226 1114 298 1192 Tyr.
323 1119 376 1174 188
401 1105 495 1187 αὐτὸς
524 1105 620 1174 αὑτοῦ
646 1111 714 1191 (pro
738 1111 892 1191 inovanti).
927 1111 1020 1191 Popp.
1043 1114 1080 1171 ad
1108 1114 1241 1191 Xenoph.
1265 1114 1361 1174 Auab.

225 1198 291 1275 vlt,
313 1205 341 1274 5,
359 1203 386 1257 5.
407 1199 443 1256 ad
467 1197 574 1275 Cyrop.
595 1197 621 1271 Ι,
643 1201 671 1271 6,
690 1200 725 1255 35
742 1201 772 1253 et
791 1200 836 1256 44.
866 1197 973 1259 Buttm.
993 1199 1023 1256 iu
1039 1197 1104 1256 Ind.
1124 1199 1162 1256 ad
1182 1197 1258 1257 Plat.
1283 1198 1359 1256 Diat.

225 1283 276 1346 IV.
297 1315 341 1328 -·
364 1279 429 1342 Iud.
451 1279 563 1341 Aeliani
582 1280 649 1339 Ver.
671 1280 749 1340 Hiat.
770 1279 911 1358 (Kuehn.)
935 1302 959 1342 s.
981 1300 1011 1341 v.
1031 1280 1152 1344 ἑαυτοῦ.
1175 1313 1212 1324 -
1247 1283 1309 1342 Sed
1329 1288 1363 1340 ut

227 1367 332 1427 Atticis
358 1365 404 1423 hic
423 1386 492 1424 uuus
513 1364 714 1424 concedendus
736 1370 782 1422 eat
802 1364 925 1443 ideoque
945 1384 1003 1423 uon
1031 1367 1084 1424 uisi
1107 1367 1219 1425 Atticus
1241 1385 1260 1424 a
1280 1372 1362 1426 vete·

228 1452 306 1510 ribus
329 1450 521 1526 grammaticis
544 1454 590 1507 est
610 1448 781 1527 appellatus,
809 1449 851 1507 aio
872 1450 995 1509 eundem
1014 1452 1144 1529 praecise
1166 1470 1244 1526 nego
1266 1440 1363 1508 Hero·

228 1534 290 1593 doti
319 1534 428 1609 tuisse,
457 1539 507 1591 aut
534 1532 592 1591 ulto
620 1532 651 1590 in
675 1532 740 1590 loeo
772 1534 847 1610 apud
884 1539 1017 1594 nostrum
1050 1535 1258 1598 admittendum
1284 1552 1363 1609 esse,

229 1618 358 1697 quamvis
381 1634 440 1677 uon
461 1616 646 1695 manuscripti
673 1616 766 1674 uotum
787 1616 852 1676 libri
877 1619 928 1677 aed
949 1619 1037 1683 etiam
1057 1620 1173 1696 quidam
1196 1619 1266 1679 editi
1285 1617 1363 1676 hune

227 1701 313 1762 uobis
335 1721 390 1779 pro
410 1702 577 1761 Herodoteo
600 1699 749 1759 venditore
776 1702 948 1765 studuerint.
989 1701 1013 1763 1.
1038 1707 1073 1761 45
1103 1706 1236 1765 σεωυτοῦ
1254 1701 1365 1777 vulgat.

230 1780 269 1850 dd
292 1783 409 1848 ἑωυτοῦ
429 1787 461 1845 S.
477 1815 524 1865 ς·-
544 1789 597 1845 108
616 1781 647 1858 ἐς
669 1788 803 1847 σεωυτοῦ
823 1805 898 1845 nuno
920 1786 997 1861 vulg.
1019 1806 1083 1845 euru
1100 1788 1141 1846 Μ.
1163 1787 1202 1849 K.
1223 1785 1262 1849 F.
1283 1805 1312 1844 ι.
1332 1786 1364 1844 b.

229 1889 255 1930 α.
277 1869 305 1926 d·
328 1867 372 1948 (ἐς
395 1867 547 1934 ideumaei
568 1866 615 1947 P.)
644 1865 677 1942 tn
696 1866 813 1932 ἑωυτοῦ
832 1870 863 1927 8.
907 1869 982 1929 lbid.
1004 1870 1091 1947 paulo
1113 1890 1202 1949 supra
1222 1868 1301 1949 μηδὲ
1319 1904 1364 1915 -

230 1952 261 2028 ἒξ
279 1945 406 2033 ὑστέρης
430 1959 552 2039 σεωυτῷ
574 1948 741 2037 περιπέσῃς
767 1954 810 2012 sic
833 1959 911 2014 reete
930 1953 1045 2012 Schaet.
1063 1954 1157 2013 Beirk.
1191 1954 1239 2018 uui
1258 1953 1366 2038 ἑωυτῷ

231 2037 298 2097 Ges.
315 2038 352 2099 at.
369 2058 433 2097 oum
451 2039 491 2098 Μ.
509 2057 536 2096 ι.
569 2032 607 2100 ud
629 2035 731 2121 ἑωυτῷ
751 2037 791 2097 Κ.
812 2037 844 2100 S.
870 2037 906 2097 F.
936 2037 985 2100 noi
1005 2028 1091 2121 αὐτῷ
1111 2060 1136 2099 c.
1168 2039 1263 2116 Vulgo
1288 2037 1365 2101 ἓυυ·

229 2125 274 2187 τῶ
294 2127 414 2185 tantum.
433 2152 478 2166 -
498 2124 553 2182 124
571 2115 626 2186 adv
647 2123 783 2184 σιωυτοῦ
804 2119 902 2199 φονέα
923 2141 1000 2183 ιιιιιια
1020 2118 1181 2200 vnlg.'cum
1203 2124 1245 2182 Μ.
1265 2123 1304 2183 Κ.
1325 2123 1364 2186 R.

230 2182 269 2268 Κ.
290 2224 318 2264 ι.
338 2226 365 2271 o.
397 2205 511 2269 ἑωυτοῦ
519 2203 597 2273 ;·Ald.
619 2206 653 2263 S.
665 2204 704 2263 V.
724 2203 852 2282 (ἑαυτοῦ
873 2204 902 2265 b.
919 2206 974 2284 d).
1015 2205 1065 2269 ΙΙΙ.
1090 2212 1128 2266 36
1148 2211 1285 2270 σεωυτοῦ
1305 2229 1366 2269 πο·

230 2281 333 2368 Μήτας
352 2288 430 2364 vulg.
463 2288 581 2353 tamnu
593 2290 626 2347 S.
643 2288 676 2346 V.
708 2287 784 2347 lbid.
801 2284 858 2366 τήν
880 2293 1012 2352 σεωυτοῦ
1033 2292 1164 2368 πατρίδα
1178 2292 1256 2369 vulg.
1276 2289 1366 2352 ἑωυ·

231 2375 288 2436 τοῦ
307 2372 343 2430 F.
382 2372 457 2436 Ibid.
479 2375 535 2452 τῆς
560 2376 698 2436 deonanti
718 2373 865 2451 πατρίδος
885 2373 961 2452 vulg.
994 2372 1111 2454 ἑωυτοῦ
1132 2376 1165 2440 S.
1196 2406 1240 2419 —
1272 2380 1309 2434 53
1327 2369 1366 2438 τὰ

233 2461 372 2521 σιωυτυῦ
391 2456 468 2533 vulg.
499 2456 617 2521 ἑαυτοῦ
637 2458 668 2515 8.
703 2490 748 2503 -
782 2464 834 2517 155
854 2461 910 2537 τῆς
930 2462 1067 2523 σεωυτοῦ
1092 2464 1231 2541 στρατιῆς
1253 2460 1364 2538 vulgat.

232 2542 351 2606 ἑωυτοῦ
369 2542 402 2603 8.
420 2541 456 2599 V.
476 2576 519 2588 -
540 2546 593 2602 108
611 2539 715 2621 φέρων
737 2540 769 2613 ἐς
791 2546 924 2605 σεωυτοῦ
942 2544 1020 2621 vulg.
1053 2543 1172 2608 ἑωυτοῦ
1190 2545 1222 2603 8.
1250 2576 1296 2590 -·
1327 2546 1365 2603 Et

232 2626 381 2688 adnotavit
393 2625 553 2704 Schweigh.
573 2627 611 2685 ad
632 2627 703 2686 haee
719 2625 806 2685 verba
828 2625 956 2709 (11152)
978 2630 1007 2690 εἰ
1025 2622 1084 2710 γάρ
1106 2653 1152 2703 τις
1169 2624 1314 2709 συμφορὴ
1332 2629 1366 2693 ἐν

233 2703 352 2775 αὐταῖσι
374 2709 418 2789 (in
440 2707 484 2770 hia
505 2709 607 2788 rebus)
629 2704 764 2793 ἐγεγόνεε
783 2709 853 2778 haee
873 2711 988 2771 insana:
1015 2712 1123 2787 „Idem
1143 2713 1221 2773 vaiet
1244 2706 1366 2777 arianida

232 2815 267 2856 ια
290 2792 441 2871 Ιαυτοῖστ,
465 2797 544 2872 quod
567 2797 595 2855 iu
620 2796 712 2873 prima
732 2812 858 2871 perrona
881 2794 1022 2854 hocloco
1044 2797 1270 2875 intelligendum,
1291 2800 1366 2857 siout

232 2879 283 2940 lV.
297 2883 332 2941 97
351 2902 388 2958 μι
405 2877 522 2943 inarari
538 2879 684 2941 eiveurvf‘
704 2907 749 2922 —-
771 2879 830 2938 Sed
851 2877 901 2938 IV.
915 2883 950 2938 97
971 2880 1064 2940 Beki.
1086 2888 1117 2940 et
1137 2883 1184 2941 atii
1203 2883 1263 2960 jam
1286 2889 1367 2943 recte

234 2983 254 3050 υ
271 2963 356 3025 codd.
381 2965 413 3021 S.
433 2963 468 3033 7.
490 2984 527 3040 με
547 2960 700 3040 ἐμεωυτοῦ
719 2960 831 3025 damen
853 2963 1048 3028 restituerunt.

317 3046 421 3105 nont
440 3051 472 3103 ut
491 3043 531 3104 de
550 3045 723 3105 soloecismo
742 3048 881 3124 quodam,
909 3066 1112 3126 nonuunquam
1129 3049 1159 3107 iu
1179 3049 1368 3109 Herodoteoa

234 3128 322 3190 codd.
342 3128 413 3204 Μιι.
441 3134 471 3187 et
497 3125 562 3187 edd.
593 3134 664 3189 vett.
691 3129 765 3189 saiso
793 3131 924 3209 invecto,
951 3151 1098 3209 moneam,
1127 3152 1163 3192 ex
1190 3151 1248 3210 quo
1276 3133 1302 3199 1.
1332 3138 1370 3195 78

235 3209 340 3290 σφέων
352 3210 488 3275 ἑωυτέων
498 3210 589 3272 didus
609 3231 761 3291 perperam
781 3216 879 3293 posuit
893 3235 949 3294 pro
969 3217 1086 3294 vulgato
1106 3236 1182 3276 nunc
1203 3224 1287 3277 reete
1301 3238 1369 3277 cnm

234 3296 321 3359 codd.
337 3296 379 3357 Μ.
398 3296 435 3356 F.
455 3316 482 3361 ι.
500 3298 531 3356 b.
553 3316 578 3356 c.
604 3298 634 3356 d.
660 3296 763 3375 σφέων
782 3293 898 3370 adonim
930 3298 954 3360 Ι.
981 3305 1035 3362 144
1061 3300 1165 3380 σφέων
1186 3293 1287 3363 αὖταῑυ
1312 3321 1368 3380 pro

234 3373 346 3443 αὐτῶν.
390 3381 439 3441 IV.
463 3386 515 3442 148
536 3380 632 3461 σφέας
660 3377 796 3456 ἑωυτούς
824 3383 886 3463 (vel
914 3388 998 3462 σφᾶς
1018 3381 1164 3463 ἑωυτούς,
1192 3389 1276 3465 σφᾶς
1298 3386 1370 3449 ἑαυ-

233 3458 308 3539 tou'e
328 3465 380 3546 F.)
406 3485 459 3544 pro
484 3464 579 3544 σφέας
600 3460 710 3539 αὐτούς
730 3487 806 3528 nunc
826 3469 904 3544 vulg.
927 3488 992 3527 oum
1013 3471 1046 3528 S.
1068 3470 1103 3529 V.
1124 3490 1150 3529 c.
1181 3468 1218 3530 ef.
1245 3477 1278 3530 et
1297 3471 1368 3529 Var.

233 3547 512 3614 Lentonem.
541 3550 592 3611 vl.
618 3557 662 3614 ιι.
684 3556 729 3618 ιι.
759 3552 919 3613 v111.1to.
949 3552 1052 3616 Motu.
1073 3574 1117 3632 gr.
1141 3574 1185 3632 gr.
1208 3557 1243 3633 1,
1261 3573 1294 3636 ρ.
1315 3561 1369 3617 ιω

234 3635 251 3710 §
272 3639 325 3698 148
345 3640 478 3713 atquem
495 3635 619 3696 laudavit
641 3634 747 3698 Tuon.
769 3637 849 3715 Mag.
869 3658 900 3718 p.
916 3641 981 3699 828.
1091 3661 1096 3668 ·

695 3955 907 3966 ιι--ι-η-ωυ-
