2942 4900
229 233 274 297 52
557 229 606 288 De
622 231 742 291 dialecto
765 229 934 289 Herodotea
951 230 995 288 lib.
1021 229 1043 287 1.

230 406 381 462 haeuserns
406 398 508 474 abique
529 399 696 457 recentiores
723 398 845 456 habendi
877 415 938 455 esse
962 396 1106 464 videntur,
1135 395 1267 453 acerrime
1291 394 1366 452 tales

141 528 146 545 ι
230 489 370 568 speciosas
391 485 496 542 formas
513 484 589 562 apud
601 483 781 542 Herodotum
801 482 926 557 aliosque
943 487 1067 540 retentas
1088 498 1149 539 esse
1176 485 1220 537 est
1247 498 1368 537 consen-

231 582 358 646 tancum,
390 587 474 643 quum
499 586 534 626 ex
561 587 657 625 eorum
683 567 824 636 doctrina,
857 585 1025 642 quamquam
1056 565 1313 623 Hemsterhusius'
1306 581 1369 640 ipse

230 657 286 714 suis
306 656 334 715 in
359 653 469 750 scriptis
489 651 557 710 nihil
585 653 621 708 de
641 652 694 709 hac
710 671 741 708 re
763 653 921 727 professus
932 656 992 724 est,
1015 669 1111 707 omnes
1133 649 1279 706 anomalae
1307 651 1368 705 sor·

232 759 293 798 mac
317 745 345 795 et
368 738 395 794 in
417 736 648 794 declinationibus
673 736 730 795 et'
724 756 752 793 m
775 734 1017 810 conjugationibus
1039 734 1211 792 adsimilem
1229 733 1368 808 originem

232 823 389 896 similesque
411 822 512 899 stirpes
536 820 699 879 referendae
724 827 826 878 essent.
871 820 955 877 Unde
976 819 1067 894 colligi
1091 825 1196 896 potest,
1214 818 1284 874 istos
1308 820 1369 875 for·

232 927 292 967 mas
312 905 370 967 rius
372 907 504 987 ρβαλεῖι,
524 902 711 982 ὑπερθορεῖν
735 900 888 978 similiaque
914 901 995 961 ad‘
974 926 1033 963 νπε
1035 902 1165 981 briolia,
1186 899 1369 981 ύπερθορέω
1390 899 1396 910 “

233 992 376 1068 retulisse,
400 990 483 1047 etiam
505 989 595 1047 fallaci
628 1008 662 1047 ex
688 986 771 1066 epicis
799 989 895 1045 torruis
922 986 1137 1066 ὑπερβαλέειν,
1165 986 1369 1085 ὑπερθορέειν

233 1084 325 1134 sumta
346 1075 598 1150 argumentatione,
619 1081 704 1149 atque
725 1074 884 1147 ubicunque
905 1072 956 1128 hae
978 1073 1146 1150 posteriores
1167 1092 1229 1129 sese
1257 1072 1300 1128 iis
1317 1072 1370 1127 ob·

235 1161 346 1221 tulerint
369 1179 422 1237 pro
444 1158 570 1234 genuinis
590 1158 748 1233 agnovisse.
791 1157 865 1214 Vide
879 1157 982 1223 Valet.
1009 1157 1180 1230 Observatt,
1202 1158 1305 1231 quibus
1326 1157 1370 1212 via

237 1247 358 1304 munitur
380 1245 417 1301 ad
439 1244 560 1318 origines
587 1253 701 1317 graecas
736 1242 943 1316 investigandas
980 1243 1028 1315 (in
1057 1242 1152 1300 Valclc.
1180 1242 1316 1318 Opuscul.
1345 1240 1369 1312 l,

236 1352 264 1409 p.
285 1336 337 1388 2ὂὸ
359 1332 438 1403 sqq.)
457 1335 485 1384 et
501 1327 704 1402 Prolegomeua
720 1326 842 1383 Schcidii
865 1326 902 1382 ad
919 1326 1080 1401 Etymolog.
1099 1327 1164 1401 ling.
1183 1346 1274 1400 graec,
1293 1324 1370 1384 Leo·

238 1414 404 1490 uspianum,
433 1419 462 1468 et
491 1411 545 1470 lroc
566 1411 672 1469 lexicon
700 1410 807 1489 ipsum,
831 1411 923 1468 denuo
947 1429 964 1466 a
989 1409 1082 1486 Nagel
1110 1413 1177 1468 edit.
1201 1416 1277 1469 1808.
1310 1410 1371 1468 Sed

237 1501 291 1556 isto
314 1498 371 1571 jam
393 1505 520 1573 tempore
542 1496 623 1570 hujus
652 1496 848 1570 grammaticae
873 1495 988 1552 rationis
1017 1502 1204 1553 contemtores
1230 1497 1372 1572 vitupera·

238 1590 371 1680 toresque
392 1581 539 1678 exstitisse,
563 1580 639 1637 haud
669 1580 788 1638 obscure
814 1580 973 1656 produnt'
966 1599 1063 1638 manes
1089 1583 1229 1656 quaedam
1250 1579 1372 1639 Scheidii

238 1667 324 1746 ipsius
344 1664 508 1739 querelae
501 1685 530 1722 m
552 1664 693 1740 Prolegg,
720 1684 748 1741 p
772 1664 809 1720 lV
834 1680 876 1739 sq.

325 1749 489 1846 Praeterea,
511 1755 540 1807 nt
569 1767 655 1807 sonos
682 1749 841 1806 redderent
869 1749 1007 1807 molliores
1035 1767 1127 1823 eoque
1153 1724 1256 1806 scilicet
1282 1748 1373 1846 magis

190 1906 196 1917 .
240 1835 365 1911 lonicus,
390 1834 501 1913 saepius
523 1832 606 1912 plane
628 1833 721 1910 inepte
742 1832 910 1890 rocabula'
903 1853 931 1891 m
958 1858 977 1892 α
957 1833 1087 1891 “breve
1115 1833 1304 1895 desinentia
1296 1833 1372 1908 rur-1

242 1919 371 1978 exeuntia
392 1925 553 1992 mutarunt,
580 1923 611 1975 ut
637 1920 702 1996 piq,
730 1918 822 1995 μοίρη
852 1925 905 1976 etc
932 1923 1047 1976 etc—
1068 1918 1200 1975 Similiter
1228 1924 1374 1994 peccatum

242 2013 294 2076 est,
320 2022 406 2079 quum
428 1990 573 2077 vocabula,
594 2021 666 2076 quae
687 2002 730 2059 vel
753 2002 865 2060 aliunde
890 2001 962 2059 v'el
956 2022 1017 2079 rpso
1037 2005 1215 2085 quorundam
1240 2002 1375 2059 librorum

243 2089 325 2146 Mscs.
351 2087 510 2145 testimonio
542 2106 610 2144 cons
599 2094 654 2144 tat
685 2087 863 2143 Herodotum
895 2073 1046 2144 masculino
1081 2106 1185 2162 genere
1215 2106 1376 2162 usurpasse,

244 2166 334 2230 aliis
329 2192 355 2228 m
384 2171 525 2227 codicibus
551 2149 722 2227 Herodolcis
754 2171 904 2228 foeminino
933 2190 1035 2244 genere
1062 2173 1163 2248 scripta
1193 2179 1308 2245 extant,
1336 2181 1375 2241 et,

244 2274 331 2331 quum
352 2255 421 2311 haec
443 2254 590 2310 foeminina
611 2256 779 2330 posteriores
801 2257 971 2328 grammatici
997 2263 1026 2313 ct
1046 2257 1132 2314 critici
1154 2257 1299 2315 retinenda
1315 2272 1376 2313 csse

244 2345 389 2417 putarunt,
411 2338 458 2412 qui
477 2337 521 2395 vel
542 2339 682 2413 epicorum
704 2337 876 2413 aliorumque
901 2347 1045 2416 poetarum
1067 2361 1145 2398 usum
1165 2343 1211 2399 rel
1238 2340 1378 2418 posterio-

245 2443 305 2490 rum
326 2423 502 2499 scriptorum,
526 2423 573 2496 qui
594 2421 692 2481 lonico
718 2441 846 2483 sermone
867 2426 907 2482 usi
920 2431 1002 2497 suut,
1031 2445 1093 2483 curu
1116 2427 1281 2485 Herodoteo
1310 2444 1377 2483 con·

246 2505 386 2568 fuderunt.
419 2507 456 2565 Et
480 2508 549 2563 dixit
570 2507 733 2564 Philemo
715 2510 909 2584 grammaticus
931 2470 1020 2588 (aprid
1049 2511 1183 2588 l’orphyn
1212 2511 1378 2578 Quaestion.

246 2594 333 2650 Hom.
356 2612 379 2648 c.
405 2590 460 2665 3.),
486 2591 574 2650 lones
598 2599 627 2650 et
653 2592 705 2650 alia
732 2594 882 2652 foeminino
908 2614 1011 2669 genere
1041 2616 1190 2673 usurpasse
1223 2603 1251 2653 et
1278 2596 1380 2653 dixisse

246 2672 302 2753 τὴν
324 2680 423 2747 κίονα,
444 2671 616 2754 τηνλίθον,
638 2700 694 2756 την
718 2682 958 2755 Μοροθοῑναο
928 2678 977 2779 (ci.
1003 2688 1031 2738 et
1055 2680 1127 2738 Lob.
1145 2683 1182 2739 ad
1206 2680 1248 2756 Aj.
1274 2700 1301 2758 p
1330 2686 1379 2739 ml

248 2765 293 2821 ed.
319 2780 373 2823 sec.
396 2769 425 2820 et
449 2782 476 2838 p.
497 2763 565 2840 33ο)
584 2768 612 2821 et
633 2762 728 2822 Schol.
740 2764 811 2823 Ven.
829 2765 866 2821 ad
890 2757 1380 2871 11.ο’,5ο11ρεποννς1ωιικως,

250 2870 335 2910 ουτοι
353 2844 409 2927 γάρ
431 2844 572 2926 τρέπουσι
594 2843 693 2910 πάντα
720 2848 763 2920 εἰς
791 2845 931 2928 θηλυκά,
956 2843 1023 2910 οἷον
1048 2846 1163 2949 roippq,
1198 2844 1367 2928 κύρτη,οι

250 2929 416 3011 στρογιῖλης
437 2932 538 3007 quibus
559 2934 802 3006 grammaticorum
823 2935 978 3009 praeceptis
1000 2936 1091 2993 omnia
1118 2936 1219 3013 promi
1210 2955 1273 2993 senc
1300 2952 1383 2993 unam

250 3018 278 3074 in
299 3016 448 3072 clausulam
470 3034 615 3093 perperam
637 3017 865 3075 concludentibus
887 3018 951 3075 lieri
969 3039 1024 3077 non
1050 3021 1157 3097 potnit,
1179 3021 1245 3097 quin
1267 3037 1383 3097 prorsus

252 3101 401 3169 contraria,
430 3117 521 3173 neque
544 3118 591 3156 ea
602 3101 691 3175 magis
713 3108 799 3173 recta,
830 3104 1020 3200 praeceperint
1048 3106 1107 3178 alii,
1136 3112 1167 3163 ο1
1201 3106 1288 3180 Greg.
1317 3103 1381 3161 Cor.

253 3185 290 3240 de
313 3182 376 3239 dial
394 3182 458 3240 Jon
479 3179 568 3259 §.33
570 3205 637 3262 ,p
660 3186 789 3246 415εαὶ
812 3183 1002 3265 παρειλήφεις
1029 3195 1089 3249 roiv
1116 3183 1285 3267 oipoerrrroir
1315 3182 1385 3249 rivel

254 3272 401 3343 θηλυκῶν
422 3261 530 3329 ’1ο1νων
553 3227 680 3341 ε1,-1
704 3271 755 3328 scd
781 3271 932 3330 Homerico
962 3293 1044 3331 serso
1071 3261 1188 3351 (Odl,
1221 3277 1290 3351 423)
1318 3291 1385 3332 ιιειιο

174 3413 179 3420 ,
254 3359 298 3427 cst
321 3352 521 3458 exemplo.—
554 3353 592 3410 Et
617 3351 738 3431 Etymol.
766 3355 842 3461 Mag.
875 3376 903 3433 p
933 3362 978 3428 33,
1009 3362 1058 3416 47:
1082 3383 1138 3436 την
1163 3353 1385 3435 α1θρανε1πιν

254 3432 416 3513 ulilpoo‘
390 3461 433 3509 ως
453 3432 510 3516 τήν
531 3433 652 3515 πύλην
652 3434 749 3500 πύλον
771 3438 821 3502 καὶ
841 3436 896 3518 τήν
917 3442 1017 3518 δείλην
1040 3445 1163 3505 dictor
1179 3445 1298 3502 etSoid.
1322 3464 1345 3499 s.
1361 3457 1384 3498 c
1406 3505 1411 3516 .

254 3518 348 3604 aurp.
393 3523 504 3581 Scd'
472 3546 558 3597 κιων,
589 3542 661 3598 quae
682 3543 737 3581 vox
758 3524 785 3581 1ιι
812 3524 927 3584 Homeri
944 3529 1109 3587 carminibus
1130 3536 1159 3586 et
1185 3529 1337 3587 masculino
1360 3533 1388 3584 et

256 3609 405 3666 foeminino
422 3627 524 3683 genere
546 3618 678 3687 usurpata
699 3609 829 3682 cernitur,
850 3611 950 3668 eodem
974 3614 1059 3671 ruodo
1080 3616 1158 3692 apud
1184 3620 1311 3671 nostrum
1339 3631 1389 3669 ra·

256 3693 319 3749 riari
342 3693 461 3768 ridetur,
484 3693 607 3767 quuml.
629 3698 663 3752 92
685 3715 746 3753 των
767 3689 880 3755 κιόνων
901 3697 936 3756 οἱ
961 3699 1071 3759 πολλοί
1097 3699 1158 3757 sine
1189 3698 1244 3756 ulla
1272 3702 1389 3756 enotata

257 3776 392 3836 varietate
420 3775 559 3862 legantur,
576 3784 604 3835 et
625 3778 673 3837 lV.
697 3784 749 3838 184
771 3783 879 3840 τοῦτον
904 3783 994 3841 etiosa
1025 3783 1090 3856 (alii
1121 3803 1183 3842 curu
1216 3782 1249 3839 F
1278 3785 1416 3856 τοῦτον,

257 3855 307 3921 τὸν
333 3861 432 3927 stava,
447 3860 496 3922 alii
520 3866 610 3922 τοῦτο
630 3857 679 3925 τὸν
701 3865 789 3924 orioro
814 3885 875 3923 cnm
900 3867 983 3924 codd
1004 3867 1043 3924 M.
1067 3869 1097 3925 P.
1118 3867 1155 3924 K.
1178 3868 1212 3924 V
1235 3869 1264 3924 S
1297 3886 1323 3924 a
1351 3867 1388 3937 b.,

260 3965 316 4020 quo
339 3945 376 4001 de
396 3941 463 4001 sitio
484 3945 549 4002 vide
570 3947 665 4006 Herm.
691 3950 729 4007 ad
742 3950 847 4027 Vigmp
871 3950 946 4027 708),
967 3952 1015 4024 ita,
1035 3959 1076 4011 ut
1083 3952 1263 4010 masculinum
1275 3908 1390 4028 quideui

260 4049 349 4105 genus
377 4028 443 4085 satis
472 4035 577 4086 certum
599 4029 652 4088 hoc
679 4032 742 4090 loco
760 4035 870 4092 retineri
887 4037 990 4111 possit,
1012 4038 1141 4110 unde,'
1119 4058 1142 4094 sr
1159 4038 1392 4113 omuinoaequa·

261 4115 351 4171 bilitas
372 4112 509 4189 quaedam
527 4113 610 4171 hac'
603 4135 631 4172 ru
655 4135 723 4174 voce
751 4119 827 4195 apud
838 4119 1015 4178 Herodotum
1039 4124 1177 4180 servanda
1202 4128 1286 4191 esset,
1307 4139 1392 4198 supe·

262 4200 333 4256 riore
357 4197 385 4255 in
407 4197 468 4255 loco
490 4191 604 4259 κιόνων
627 4198 659 4259 oi
678 4204 783 4262 πολλοί
806 4194 959 4263 rescribere
980 4205 1099 4283 mallem,
1124 4225 1208 4283 qnam
1225 4207 1280 4264 hoc
1295 4211 1393 4283 poste·

262 4283 335 4352 riore
354 4283 534 4343 foemininum
552 4282 736 4360 substituere,
759 4288 794 4345 cf.
810 4286 912 4348 Bernls
941 4290 979 4348 ad
1003 4290 1121 4366 Dionys
1146 4291 1177 4349 P.
1209 4311 1237 4368 p.
1268 4298 1330 4350 512.
1353 4321 1394 4332 -
