2942 4900
396 198 585 264 νειαια.
604 180 912 266 annuerunt.
1161 192 1225 282 ast

93 366 229 434 habenda
247 363 408 445 scripturae
424 367 491 444 cod.
505 367 529 434 ί.
546 364 688 450 ἐμπιπλᾷ.
730 366 791 425 Sed
810 363 985 446 ἐπίμπλατοι
1008 366 1086 442 qnod
1107 366 1159 427 III.
1177 371 1228 430 108

91 451 227 520 nonnulli
246 470 263 510 e
281 451 367 513 codd.
381 452 423 510 u.
439 451 471 509 P.
485 451 523 516 II.
536 452 575 516 F.
589 455 769 527 receperunt,
786 449 998 514 defendendum
1016 468 1082 512 csse
1099 452 1228 510 exintmo

94 543 200 598 contm
221 534 343 594 altarum
362 527 513 598 ἐπιπλίιτο
535 534 616 613 (ΔΙιΙ.
638 537 670 592 S.
691 534 726 591 V.
748 532 792 612 a.)
818 533 864 592 vel
887 531 1064 612 ἐμπιπλέιιιι
1085 532 1165 608 (cod.
1187 535 1228 612 ε.)

95 640 185 703 qnurn
205 616 275 676 nilril
295 638 349 678 nos
369 626 472 695 cogat,
493 624 524 676 ut
544 619 652 680 etiarnsi
672 616 824 697 ἐμπιπλέιι
845 619 1020 678 Herodotum
1043 617 1147 676 dixisse
1169 624 1229 678 rta-

95 711 223 777 tuamus,
243 703 329 760 etiarn
351 704 380 761 iu
400 704 597 779 imperfectum
617 702 859 780 tenpuspasrivi
881 702 953 762 hanc
973 702 1123 760 flexionem
1137 707 1230 762 traus-

96 788 167 848 iisse
196 793 345 886 putemus;
378 787 547 863 praesertim
571 806 656 862 quum
681 789 827 864 πιμπλᾶσι
855 786 889 849 ΙΙ.
910 791 955 844 40.
997 784 1161 863 ἐμπιπλᾶσι
1181 784 1229 842 IV.
1345 819 1349 824 ·

97 876 144 931 72.
188 864 419 948 αποπιμπλσίναι
438 867 475 926 Il.
493 874 550 930 129.
593 870 784 949 πίμπλασθαι
801 876 830 927 et
849 872 1015 947 πίμπλαται
1033 869 1069 926 Il.
1092 873 1137 928 93.
1180 867 1231 946 ἐμ·

95 941 399 1030 accumulentur.
421 952 496 1017 VIII.
512 957 563 1012 117
583 953 712 1011 omnibus
732 955 761 1011 iu
784 953 863 1011 libris
885 959 962 1013 recte
982 952 1167 1014 reducantur.
1188 983 1231 993 -
1278 948 1283 954 ⁶

96 1038 133 1099 Iu
151 1032 354 1116 Hippocrateis
375 1038 488 1113 quidem
509 1039 617 1116 ¹nostris
643 1038 849 1116 exemplaribus
879 1058 935 1096 uon
963 1036 1055 1094 solum
1084 1034 1230 1114 ἐμπιπλεῖ,
1254 1060 1258 1069 ·

98 1127 134 1181 ut
154 1123 183 1179 iu
207 1120 328 1179 Hesiod.
342 1119 456 1196 Τίτιος.
478 1127 531 1180 886
551 1124 743 1201 πιμπλεῦσαι,
765 1121 817 1179 sed
839 1122 924 1179 etiam
947 1120 1098 1201 ἐμπιπλιίς
1117 1119 1231 1196 legitur,

99 1208 140 1263 de
161 1205 255 1263 morb.
275 1204 314 1278 ΙΙ,
332 1225 362 1283 p.
383 1210 447 1279 464,
461 1210 505 1267 26.
519 1210 581 1267 466.
603 1205 845 1284 ιλέμπιπλῶντα
863 1206 930 1262 ibid.
951 1224 981 1283 p.
1000 1210 1065 1279 464,
1083 1210 1133 1282 523
1155 1203 1231 1261 haurd

99 1290 243 1367 neglectis
266 1288 446 1367 ἐμπίπλησι,
466 1284 665 1365 ἐμπιπλάναι,
692 1283 841 1367 ἐμπιπλσίς
861 1296 917 1347 etc.
938 1295 992 1348 etc.
1016 1287 1054 1345 cf.
1076 1288 1113 1345 de
1138 1285 1229 1344 Morb.

100 1372 143 1450 II,
165 1392 194 1450 p.
216 1378 279 1446 462,
300 1378 344 1430 46.
368 1377 431 1446 466,
452 1379 497 1430 20.
519 1377 581 1433 467.
601 1378 653 1433 466
676 1380 706 1430 et
727 1373 805 1431 alibi.
832 1405 875 1417 -
902 1374 1007 1448 Neque
1029 1365 1231 1430 etlum'llero·

100 1458 220 1513 doteum
242 1476 307 1515 esse
329 1464 398 1534 puto
422 1457 499 1533 quod
519 1455 596 1515 VIII.
619 1460 670 1516 109
693 1458 778 1518 codd.
802 1457 841 1519 Μ.
861 1456 894 1514 Ρ.
913 1456 952 1516 K.
972 1453 1128 1535 ἐμπιπρείς
1148 1472 1232 1531 prae·

99 1540 174 1599 bent
194 1558 248 1618 pro
266 1537 383 1613 vulgato
403 1537 563 1620 ἐμπιπράς,
584 1541 631 1598 uhi
651 1542 715 1598 cod.
729 1540 768 1598 F.
782 1535 982 1618 ἐμπιπρήσας,
1003 1540 1079 1618 quod
1102 1539 1139 1595 ad
1160 1537 1233 1596 alte·

100 1640 165 1681 rum
188 1616 348 1703 ἐμπιπρᾶα
375 1644 429 1681 nos
457 1625 553 1699 ducit,
583 1624 663 1699 cujus
689 1625 884 1701 imperfectum
908 1622 1076 1702 ἐνεπίπρων
1101 1622 1232 1701 (ἐνεπίμ-
1274 1653 1284 1662 s

101 1705 227 1787 πρωαὲ)
251 1709 281 1765 iu
301 1707 430 1784 Xenoph.
451 1707 527 1765 Hell.
548 1713 575 1782 6,
594 1715 623 1780 2,
643 1715 680 1767 22
700 1699 846 1786 vulgatum
868 1714 929 1783 est,
949 1726 1040 1785 aeque
1058 1726 1117 1765 nou
1137 1706 1233 1764 Hero·

101 1792 230 1849 «luteum.
275 1792 371 1860 Quare
390 1792 454 1866 jure
478 1792 582 1849 merito
603 1792 671 1876 iorpi
691 1795 768 1871 apud
788 1791 965 1851 Herodotum
992 1791 1039 1850 IV.
1058 1795 1120 1868 103,
1132 1790 1232 1866 vulga-

100 1880 165 1933 tum
185 1875 213 1931 iu
235 1875 427 1952 suspicionem
450 1877 543 1933 vocari
565 1876 662 1948 debet,
689 1897 742 1955 pro
768 1896 824 1953 quo
846 1875 1012 1934 Herodotus
1042 1874 1105 1953 ipse
1133 1863 1233 1950 p'rocul

97 1956 193 2016 ¹dubio
214 1957 312 2036 ἵστησι
332 1960 446 2038 posuit,
475 1965 506 2016 ut
528 1959 565 2022 Il.
587 1965 620 2019 95
640 1961 740 2037 ’ίστησι
761 1960 903 2035 vidguturn
926 1965 987 2017 erat
1009 1965 1038 2039 et
1062 1958 1098 2018 V.
1121 1962 1155 2016 16
1172 1949 1233 2017 ὖπ-

103 2045 213 2121 ίστησι.
257 2042 295 2100 Et
312 2049 389 2099 recte
408 2043 543 2118 lecerunt,
566 2044 613 2121 qui
635 2043 673 2103 II.
689 2050 742 2105 143
760 2046 901 2122 scriptura
911 2043 1032 2101 Aldinae
1054 2052 1083 2100 et
1105 2042 1234 2100 codicum

103 2130 137 2185 S.
159 2125 196 2185 V.
219 2146 246 2184 a.
268 2148 292 2183 c.
323 2125 391 2212 ίστᾷ
414 2127 528 2203 relicta,
555 2128 675 2187 alterurn
695 2130 811 2191 ἵσταται
836 2128 1007 2186 ιιιιαῑοιίλιιλε
1030 2127 1116 2184 codd.
1138 2125 1180 2186 Μ.
1199 2123 1233 2182 P.

103 2212 144 2271 K.
164 2210 200 2268 F.
223 2207 306 2269 bss'd.
327 2212 463 2269 munitum
491 2220 675 2289 receperuut3
707 2221 737 2271 et
764 2218 841 2271 recte
870 2213 936 2271 olim
963 2212 1075 2288 uulgata
1098 2211 1235 2282 ίσταῖντες

103 2296 152 2354 IV.
171 2299 230 2353 129.
274 2294 377 2356 ἴστῶσι
402 2294 447 2352 lIl.
472 2301 508 2355 24
525 2293 600 2375 (lin.)
621 2298 677 2374 (εἰσ
692 2297 758 2356 Aut.
775 2303 804 2357 et
819 2298 884 2354 cod.
900 2297 958 2373 c..)
993 2295 1135 2358 ἐπιστῶσι
1155 2293 1232 2373 (cod.

102 2378 148 2459 b.)
174 2380 219 2436 vel
239 2375 428 2457 ἐπιστιῦσι*)
452 2378 529 2456 (cod.
548 2377 595 2459 S.)
624 2381 674 2440 VI.
695 2387 730 2440 38
758 2381 922 2461 posthabita
951 2387 1019 2439 sunt
1049 2400 1123 2438 nuuc
1151 2376 1234 2436 editis
1287 2457 1290 2460 ἢ

105 2458 240 2537 ἱστάντες
262 2464 321 2542 (sic
343 2465 428 2522 codd.
451 2466 482 2523 S.
503 2466 540 2522 V.
563 2465 595 2529 P.
617 2465 655 2525 K.
678 2467 717 2524 M.
741 2468 773 2524 Ρ.
798 2466 925 2543 Paris),
946 2466 1046 2527 ίστᾶσι
1072 2464 1126 2541 (sic
1147 2462 1235 2522 codd.

102 2548 146 2612 M.
168 2546 202 2609 P.
224 2549 261 2606 K.
284 2546 335 2625 V.)
360 2554 391 2606 et
411 2546 555 2611 ἐπιστᾶσι.
597 2548 663 2607 Nec
690 2551 781 2607 rninus
805 2549 970 2629 imperfecta
989 2551 1110 2610 κατίστα
1127 2547 1178 2606 Vl.
1200 2550 1236 2604 43

106 2637 138 2691 ct
158 2630 226 2696 ’ίστα
248 2637 282 2691 61
310 2633 338 2690 iu
364 2634 488 2709 genuina
513 2632 679 2690 Herodotea
701 2635 829 2690 oratione
849 2631 965 2691 tolerari
982 2638 1122 2711 possunt,
1150 2647 1236 2706 quum

106 2709 212 2794 ἆαίστη
241 2717 265 2774 Ι.
294 2716 356 2779 196.
387 2717 423 2775 ll.
446 2724 507 2780 102.
544 2715 711 2794 ἐνεπίμπρη
732 2717 756 2774 I.
781 2721 814 2775 16
837 2712 889 2792 (cl.
912 2715 993 2774 Suid.
1015 2735 1040 2773 s.
1062 2734 1088 2771 v.
1112 2706 1235 2796 Γύγης).

106 2799 335 2883 ἐμπιπραμένου
356 2801 379 2858 l.
403 2806 436 2861 19
457 2801 580 2859 omniurn
605 2798 738 2859 librorum
764 2801 935 2859 auctoritate
962 2800 1162 2874 nitantur‚„et
1181 2815 1235 2876 pro
1358 2855 1362 2865 ,

7 2916 16 2925 =
105 2884 176 2948 ἵστα
206 2885 279 2943 σιτία
307 2884 422 2961 vulgato
452 2885 487 2948 II.
517 2890 567 2943 106
594 2883 681 2945 codd.
708 2885 741 2943 S.
766 2885 795 2942 b.
824 2904 920 2942 verum
945 2882 1011 2965 ἵστη
1042 2881 1236 2962 praebuerint.

65 2984 72 2989 ·
104 2966 233 3028 Formae
252 2969 325 3027 eninr
347 2987 364 3026 a
383 2976 534 3049 praesente
556 2970 584 3025 iu
606 2966 650 3033 {⁰3
670 2974 790 3027 exeunte
811 2968 996 3026 deducendae
1023 2987 1081 3025 non
1102 2964 1237 3025 Herodo-

107 3059 175 3110 teae
197 3059 279 3127 sunt,
300 3054 352 3110 sed
374 3052 451 3133 aliis,
473 3051 609 3131 imprimis
632 3052 836 3112 recentioribus
859 3052 1060 3129 relinquendae
1088 3050 1124 3118 cl,
1144 3050 1237 3127 Popp.

107 3137 147 3195 ad
175 3134 337 3212 Thucydid.
362 3137 447 3214 VIII,
471 3141 506 3196 64
514 3176 524 3212 ,
547 3144 564 3195 5
592 3142 622 3195 et
649 3139 850 3212 grammaticos
873 3155 1014 3214 graecos,
1045 3136 1093 3212 qui
1122 3135 1238 3212 saepius
1265 3134 1267 3139 '

108 3220 342 3323 talibusformis
371 3221 413 3279 usi
442 3228 526 3298 sunt,
553 3221 595 3279 sic
617 3218 698 3297 [lust.
722 3222 759 3279 ad
782 3221 816 3322 Il.
838 3217 865 3282 ν’
887 3241 929 3284 vs.
952 3223 1004 3281 745
1027 3221 1122 3282 ίστᾶν.
1155 3219 1236 3277 Suid.

106 3304 379 3469 §.tntilli
402 3306 753 3471 {Sadlldtdft‘
766 3300 1175 3469 d‘tltdlttdtl-‘P
1187 3304 1239 3459 li
1291 3382 1294 3387 ’

108 3472 243 3535 ίστῶσιν.
274 3472 409 3551 Polyaen
426 3473 461 3549 V,
481 3478 516 3532 33
537 3474 669 3536 καθίστα
691 3471 751 3550 (alii
774 3469 925 3551 καθῆκεν)
946 3469 983 3529 cl.
1005 3464 1106 3527 Matth.
1129 3487 1172 3544 gr.
1194 3485 1238 3543 gr.

108 3556 137 3632 1,
157 3577 187 3635 p.
203 3553 322 3633 law)
352 3557 398 3615 De
419 3556 581 3632 ἐξεπίστεαι
601 3556 664 3621 vn.
683 3561 745 3616 104.
768 3562 830 3619 135.
849 3554 1020 3630 ἐξεπίστασο
1038 3548 1097 3613 Vll.
1120 3556 1163 3610 39.
1188 3548 1239 3612 ἕπ-
1291 3597 1296 3601 -

108 3641 224 3703 ίστασο.
236 3637 297 3699 VII.
317 3645 371 3700 209
392 3647 421 3698 et
441 3643 478 3699 de
500 3639 614 3705 ίστεάτα
632 3643 692 3718 jaru
710 3659 797 3721 supra
817 3646 862 3698 est
882 3634 1000 3699 ‹luctum-

61 3736 65 3741 '
194 3723 316 3781 'tertiae
337 3723 453 3802 pluralis
474 3727 633 3803 praesentis
653 3725 736 3783 activi
754 3723 830 3782 nulla
845 3722 900 3780 alia
922 3720 1005 3800 apud*
1017 3727 1146 3780 nostrum
1167 3718 1240 3794 legi·

109 3809 180 3865 tima
197 3807 289 3865 forma
309 3827 374 3866 essa
395 3814 492 3887 potest
519 3828 604 3885 quam
625 3808 752 3884 vulgaris
770 3807 888 3881 ίστᾶσι,
917 3825 991 3884 quae
1019 3806 1116 3863 dativo
1141 3798 1241 3880 plurali

107 3892 252 3972 participii
273 3892 419 3950 masculini
436 3893 626 3973 respondens,
647 3898 679 3951 ut
699 3892 763 3950 illae
784 3891 856 3950 aliae
878 3891 1069 3968 hujuscemodi
1091 3887 1242 3946 verborum

109 3975 198 4048 ίεῖσι,
220 3981 346 4050 τιθεῖσι,
371 3979 508 4051 λαλοῦσι,
533 3979 683 4050 derisorios,
706 3982 734 4034 et
759 3975 890 4051 analogIa
913 3980 943 4034 et
963 3975 1096 4034 librorum
1118 3966 1241 4030 auctori·

177 4166 689 4307 llfflello‘lyglflrflll'l‘lnaou.
