2942 4900
424 177 471 240 Dc
489 179 612 239 dialecto
633 177 808 241 Herodotc'a
823 179 874 240 lib.
890 179 941 243 111.
1183 176 1248 246 219.
1272 254 1296 283 οἳ

112 344 148 426 ξ’.
160 352 215 409 994
231 372 276 405 z
295 351 348 407 989
367 341 401 410 τὸ
419 345 450 410 di
462 345 566 429 Βορέω
577 339 709 410 Ἰωνικόν
730 346 804 419 tna,
824 343 974 428 συγκσπλν
995 350 1029 414 έκ
1046 350 1101 413 τοῦ
1117 349 1245 431 Booten).

112 428 257 513 καθάπερ
274 430 327 495 καὶ
344 425 379 496 τό
391 425 533 513 Ἑρμείω,
556 433 634 508 quod
655 433 692 490 ad
705 431 884 493 Homericam
903 433 989 491 etiarn
1009 436 1163 494 dictionem
1180 454 1249 511 per-

113 520 211 578 tinere
230 524 328 596 patet,
357 538 413 595 quo
443 523 473 579 et
493 516 592 579 nahas
615 516 788 577 Philemonis
810 517 916 577 dictum
936 514 988 594 (cf.
1010 518 1085 578 Lob.
1104 519 1248 597 Paralipp.

113 603 140 683 1,
157 603 173 677 ὅ
192 607 210 662 6
232 623 262 680 p.
283 600 331 678 95)
351 606 472 680 propter
489 602 691 677 κακοφωνλαν,
704 601 846 677 legitimas
867 603 973 665 formas
993 603 1083 676 δέεος,
1106 602 1213 675 σπέεος
1231 623 1250 661 a
1335 634 1343 645 ·

112 692 204 767 poeta
231 688 355 763 rejectas
385 687 484 763 essa).
524 678 640 764 Ἑρμέω
665 686 773 745 Herod.
797 684 832 742 ll·
856 693 899 746 51.
924 691 968 746 56.
992 694 1138 749 138.145.
1164 689 1200 746 V.
1222 693 1249 747 7.

112 805 158 817 --
177 771 243 831 Huc
263 771 409 848 pertinent
430 776 459 829 et
477 770 594 847 genitivi
614 768 755 848 plurales:
776 768 899 849 θηλέων
922 768 973 847 (cx
988 773 1123 851 θηλεέων
1143 772 1251 851 ortum)

112 856 152 917 Il.
176 860 229 928 66,
251 857 294 913 sic
314 873 389 914 nunc
411 860 490 919 recte
514 872 577 913 cum
604 856 635 913 S.
655 854 691 913 V.
712 853 747 913 ll'.
782 854 858 915 Olim
883 875 947 912 cum
969 874 994 917 a.
1017 859 1090 918 male
1111 863 1250 936 θηλεοῑνε
1346 919 1350 927 ,

111 942 184 1000 item
206 940 241 997 ll.
267 943 316 1011 933
345 940 397 997 sed
419 940 483 996 vide
505 938 557 997 Ill.
577 943 622 1001 85.
647 944 710 999 105.
738 937 786 1000 Ν.
810 946 837 999 9.
868 944 929 999 186.
973 940 1090 1004 πεδέων
1113 945 1250 1023 χρυσέων

112 1025 169 1083 lll.
198 1028 260 1083 130.
300 1021 473 1100 Ἡρακλέων
495 1021 626 1102 στηλέων
656 1023 690 1080 ll.
712 1027 756 1083 33.
787 1023 835 1084 Ν.
858 1029 887 1083 8.
908 1029 1037 1086 49185.
1061 1031 1130 1098 198;
1154 1048 1250 1105 neque
1324 1060 1330 1065 ·

112 1109 251 1168 audiendi
273 1115 349 1181 sunt,
370 1107 417 1184 qui
439 1108 549 1167 istisin
569 1107 640 1166 locis
653 1105 843 1185 Ήοααληϊων
861 1109 1076 1187 praetulerunt3
1093 1114 1153 1172 tum
1174 1115 1251 1173 enim

113 1192 269 1252 Herodoto
285 1186 488 1269 Ἦρακληϊέων
506 1192 655 1251 dicendum
676 1198 747 1248 erat.
770 1192 807 1251 ct.
828 1210 917 1269 snpra
935 1204 966 1270 p.
981 1199 1042 1256 157.
1066 1229 1104 1240 ·-
1128 1196 1167 1256 At
1184 1217 1251 1256 cor·

113 1277 268 1353 rigentium
293 1282 339 1334 ent
365 1279 443 1351 quod
466 1276 515 1335 Vl.
536 1279 571 1335 98
594 1293 694 1341 omnes
719 1275 793 1333 male
814 1277 991 1338 retinuerunt
1014 1278 1145 1344 τουτέων
1166 1304 1250 1365 ysoa-

114 1363 186 1436 έων,
208 1367 238 1419 ελ
259 1361 288 1419 in
310 1366 423 1442 γενεῶν
441 1361 630 1435 mutandum,
649 1359 728 1436 quod
749 1360 787 1419 ll.
810 1365 861 1421 149
883 1361 956 1421 edd.¹
972 1370 1041 1421 vett.
1065 1374 1145 1424 recte
1165 1385 1250 1443 prae-

116 1446 242 1504 buerunt
273 1464 327 1521 pro
346 1442 481 1526 ,γενεέων
510 1463 586 1502 nuuc
612 1443 686 1503 male
713 1445 830 1518 vulgato
852 1448 1083 1507 concoctum.
1105 1450 1138 1509 P.
1152 1451 1191 1509 Κ.
1211 1449 1250 1509 F.

114 1531 148 1587 S.
178 1528 212 1587 V.
232 1526 326 1587 Paria.
370 1528 496 1587 Primum
524 1529 598 1586 enim
620 1529 677 1585 duo
703 1524 732 1591 ᾗ
757 1535 825 1587 ante
846 1528 869 1593 οἶ
890 1529 968 1589 nullo
990 1536 1078 1592 modo
1096 1536 1174 1612 apud
1194 1553 1250 1592 no·

113 1619 207 1672 strum
233 1613 354 1693 terenda
380 1620 463 1683 ωηολε
485 1618 545 1673 λειω
571 1611 615 1671 his
635 1613 665 1671 in
685 1613 819 1688 genitivis
844 1618 1009 1688 accentum,
1030 1619 1145 1696 quippe
1163 1634 1250 1695 quom

113 1716 172 1756 vox
192 1692 279 1779 γενεή
306 1697 402 1757 statim
432 1697 644 1755 auominatiro
671 1716 770 1755 omnes
796 1715 849 1773 per
875 1717 958 1757 casus
986 1703 1015 1758 iu
1042 1701 1118 1760 finali
1139 1703 1250 1778 syllaba
1374 1756 1388 1769 ,

113 1783 253 1858 retincat,
274 1782 382 1840 retrahi
400 1801 458 1840 nou
479 1779 565 1839 licuit.
609 1781 658 1838 Sic
679 1782 751 1840 dixit
763 1781 929 1841 Herodotus
944 1787 1007 1845 noio
1020 1777 1173 1863 ἀδελφεῶν
1195 1787 1248 1848 lll.

114 1871 161 1926 ει.
190 1865 227 1929 v.
244 1871 298 1940 so,
324 1866 360 1924 an
385 1856 526 1943 anoloni.
568 1866 629 1925 Sea
657 1867 802 1940 vulgatum
825 1870 960 1927 Mnaso.
980 1869 1006 1926 l.
1029 1875 1065 1928 an
1086 1868 1104 1927 ε
1126 1869 1250 1931 Μαλέα.

115 1949 211 2028 (qnod
235 1951 461 2027 promontorium
488 1950 535 2011 Ν.
559 1953 611 2010 179
639 1954 669 2008 ελ
695 1948 758 2007 Vll.
780 1954 833 2009 168
862 1950 972 2031 Μαλέη
1001 1953 1106 2011 dictum
1137 1960 1183 2012 est
1211 1955 1248 2014 cl'.

116 2033 220 2111 Steph.
239 2033 309 2109 Byu.
330 2054 354 2092 ε.
372 2053 399 2095 v.
429 2035 509 2093 Euat.
531 2035 567 2092 ad
589 2031 627 2091 l).
647 2032 682 2095 P.
705 2038 748 2092 vs.
761 2037 808 2097 66.
841 2037 966 2094 Saldo.
988 2054 1015 2096 r.
1032 2037 1159 2109 Μαλέας
1177 2042 1250 2100 Moe

114 2116 202 2196 λέαν)
223 2119 252 2176 in
271 2116 404 2180 Μαλέων
421 2125 467 2177 cst
487 2117 661 2179 mutandum.
684 2151 720 2161 -
744 2118 783 2176 Et
803 2121 880 2198 yeoiv
899 2120 948 2178 lV.
970 2124 1032 2196 198,
1052 2123 1094 2180 sic
1115 2124 1251 2200 periapo·

113 2222 223 2261 menon
244 2200 317 2261 male
338 2203 469 2261 scribitur
495 2223 550 2281 pro
570 2221 640 2261 vero
660 2201 756 2285 ydus,
789 2204 838 2280 qui
857 2206 999 2280 genitivus
1026 2205 1063 2264 ab
1085 2207 1249 2280 Herodoto,

114 2305 286 2364 quamquam
306 2287 442 2362 singulari
457 2288 489 2345 in
510 2305 628 2345 numero
653 2293 818 2346 constanter
838 2295 984 2348 contracta
1006 2291 1098 2348 sormn
1118 2295 1160 2372 γῆ
1179 2310 1249 2349 usus

115 2376 180 2444 cst,
206 2392 240 2430 ex
261 2370 361 2430 Ionum
383 2390 461 2430 more
487 2390 507 2431 a
526 2391 587 2435 non
607 2377 755 2431 contracto
777 2370 844 2455 γέαι
864 2374 958 2433 dictus
980 2381 1038 2451 est,
1064 2376 1144 2451 cujus
1165 2394 1270 2434 secu-2

116 2457 251 2517 sativum.
265 2456 335 2538 γέας
359 2456 544 2516 Democritus
574 2454 637 2532 (ap.
667 2458 759 2518 (λειω.
783 2458 862 2518 Alex.
885 2460 1095 2536 suom.1,p.
1123 2465 1178 2519 304
1198 2459 1249 2537 Α.)

115 2542 281 2618 usurpavit,
307 2541 343 2599 cf.
366 2548 397 2599 et
421 2541 538 2602 Pindari
561 2540 690 2617 (Olymp.
714 2540 793 2615 Xlll‚
820 2546 866 2601 81.
888 2541 1031 2620 Boecklr.)
1055 2537 1193 2623 Γεαόγῳ,
1220 2550 1251 2603 ct

114 2623 273 2684 Herodian.
296 2625 365 2706 insol
387 2647 456 2705 μον.
476 2630 532 2699 let.
554 2644 584 2701 p·
610 2626 627 2682 7
650 2622 768 2701 (Diod.)
799 2618 856 2686 oria
885 2619 987 2706 ἆγνοοῖ
1016 2625 1048 2689 di
1074 2621 1121 2689 ὅτι
1147 2627 1200 2688 καὶ
1226 2621 1250 2704 ἦ

115 2704 174 2790 yde
196 2710 378 2790 εἴρηταικαὶ
399 2708 451 2790 ylo
468 2709 519 2771 καλ
537 2714 608 2789 γαῖα
629 2709 679 2769 καὶ
701 2704 764 2770 νέω.
786 2740 830 2752 -
850 2707 900 2765 Sic
918 2710 991 2767 dixit
1010 2717 1110 2768 noster
1130 2710 1249 2770 111.131

114 2791 219 2873 μνέων
239 2813 256 2852 a
274 2792 360 2874 μνέη,
382 2793 469 2873 μνέαι
487 2793 553 2871 (Vl.
570 2791 618 2870 79)
640 2799 670 2850 et
691 2792 714 2850 l.
734 2796 787 2852 193
808 2788 935 2866 συκέων,
956 2792 1005 2852 ubi
1026 2789 1140 2868 quidem
1161 2795 1248 2854 codd.

115 2880 147 2937 S.
164 2877 195 2936 b.
213 2880 244 2939 d.
265 2878 339 2940 male
365 2881 482 2950 συκοῖν,
513 2884 545 2936 ελ
567 2877 707 2936 Athenaei
727 2877 799 2936 Mos.
820 2876 916 2955 (ΧΝ,
936 2898 966 2954 p.
987 2877 1108 2955 6510.)
1131 2882 1249 2941 nonaria

113 2963 319 3042 praebuerunt.
367 2963 416 3024 Ν.
449 2966 502 3022 189
528 2959 647 3041 αἰγέων.
704 2962 795 3030 Quae>
814 2962 889 3020 enim
918 2963 1027 3039 primae
1052 2963 1251 3022 declinationis

114 3049 233 3108 nomina
252 3049 336 3124 vulgo
359 3047 455 3107 statim
473 3066 492 3108 a
512 3045 686 3106 nominativo
708 3052 856 3105 contracte
879 3047 1076 3123 declinantur,
1100 3066 1135 3106 ca
1157 3048 1253 3107 omnia

115 3129 201 3208 (voce
223 3134 263 3213 γῆ
284 3132 417 3210 excepta)
443 3132 520 3209 apud
542 3131 722 3192 Herodotum
749 3150 848 3190 omncs
869 3150 922 3209 per
944 3150 1028 3192 casus
1053 3127 1251 3192 noncontra-

114 3214 240 3287 huntur3
266 3213 394 3294 quamvis
421 3216 467 3274 lric
495 3215 550 3274 illic
575 3217 689 3274 codices
711 3217 911 3293 editioneaque
934 3217 962 3274 in
991 3217 1108 3276 diversa
1132 3216 1249 3277 abeant·

117 3301 230 3381 βορέηζ
254 3301 291 3359 Il.
312 3301 418 3361 adbis.
461 3298 553 3380 βορέῃ
573 3299 606 3358 V.
630 3305 675 3359 33.
703 3300 754 3359 Vl.
776 3304 837 3359 139.
882 3297 993 3377 βορέην
1019 3300 1042 3357 l.
1065 3304 1111 3360 79.
1142 3300 1179 3358 ll.
1204 3305 1250 3363 98.

117 3388 248 3446 99148.
289 3384 400 3457 κυνέας
420 3384 456 3442 ll.
479 3390 540 3444 151.
563 3381 630 3446 Vll.
651 3388 694 3444 77.
737 3382 852 3461 κυνέην
869 3384 892 3440 Ι.
906 3388 952 3441 84.
975 3382 1011 3441 11.
1029 3389 1081 3442 151
1097 3384 1151 3444 bis.
1196 3400 1252 3445 on-

116 3467 171 3547 κέη
194 3476 224 3529 ελ
246 3469 356 3549 συκέην
379 3470 403 3527 l.
426 3472 487 3528 193.
530 3466 641 3546 συκέην
658 3469 709 3527 Ν.
729 3473 777 3529 93.
793 3500 838 3512 -
859 3458 1012 3545 inordina
1032 3467 1069 3524 ll.
1090 3470 1127 3525 69
1147 3465 1178 3539 (a
1196 3485 1252 3523 no·
1355 3498 1357 3500 >

115 3555 252 3613 minativo
274 3549 407 3632 ἄμφιδέη
435 3552 472 3614 ct'.
496 3553 655 3628 Schweigln
676 3553 730 3613 lex.
752 3551 863 3611 Herod.
885 3570 909 3608 s.
931 3546 982 3625 u).
1025 3548 1112 3630 μνέαι
1139 3548 1177 3607 ll.
1198 3552 1252 3608 168

116 3634 172 3700 bis.
191 3639 242 3699 Vl.
267 3642 311 3699 79.
353 3636 445 3716 μνέας
464 3636 503 3695 11.
524 3639 585 3698 149.
608 3642 668 3696 180.
690 3635 742 3695 lIl.
763 3642 806 3696 13.
824 3639 869 3696 89.
913 3632 1023 3711 κυνέην
1045 3633 1082 3695 Il.
1105 3638 1250 3704 159189.

115 3720 228 3796 ming
247 3722 312 3781 Vll.
333 3727 376 3784 78.
397 3725 442 3780 89.
486 3718 591 3801 αἰγέας
607 3720 657 3778 Ν.
674 3724 735 3779 189.
777 3716 950 3801 παρδαλέας
969 3718 1035 3784 Vll,
1056 3723 1092 3780 69
1112 3724 1144 3777 ελ
1165 3722 1251 3786 λων·

114 3806 193 3880 σέας.
238 3806 302 3868 Vll.
322 3812 357 3866 75
379 3800 564 3884 ἀλωπεκέας.
869 3855 871 3861 .
968 3851 970 3860 .
1242 3811 1262 3848 '³

202 3891 265 3951 Has
282 3910 380 3950 omnen
394 3891 500 3948 formas
519 3906 606 3965 quum
623 3885 700 3945 nulla
714 3886 874 3965 scripturae
894 3887 1027 3947 varietas.
1038 3887 1172 3962 nullaque
1189 3884 1251 3943 edi

115 3974 226 4033 tionum
249 3976 421 4050 diversitas,
450 3974 518 4047 quin
539 3990 625 4031 verae
645 3970 888 4048 Herodoteneque
908 3972 982 4047 sint,
1012 3972 1042 4030 in
1062 3971 1177 4031 dubium
1197 3985 1253 4027 vos

116 4060 257 4133 onremnt,
278 4078 315 4117 eo
332 4059 443 4130 facilius
465 4076 501 4117 ca
515 4055 653 4136 exempla,
675 4061 750 4131 quac
767 4056 832 4115 huic
852 4069 970 4116 normae
992 4057 1167 4126 obnituntur,
1188 4070 1252 4111 cor-

116 4143 173 4219 rigi
202 4149 356 4220 poterunt,
383 4142 553 4221 praesertim
582 4159 669 4217 quum
697 4158 763 4198 raro
793 4141 916 4201 omnium
943 4139 1079 4198 librorum
1109 4149 1263 4197 consensu.

116 4228 288 4290 numitor.
331 4227 440 4288 Sicll.
461 4231 512 4287 101
541 4220 622 4307 πρὸς
641 4226 741 4307 {loonio
761 4220 883 4305 ἄνεμον
905 4224 972 4285 edd.
998 4227 1029 4286 et
1053 4222 1139 4286 codd.
1160 4219 1357 4440 15ωωῖ-
