2942 4900
252 213 318 282 aas
439 188 443 193 ’
553 216 599 278 ο.
618 214 742 299 ainau
762 213 930 276 nauata
951 215 1000 280 aa.
1022 214 1077 275 ru.
1110 292 1112 299 y

168 401 175 413 .
253 385 398 467 reponit,
423 381 489 443 otiis
516 384 600 444 etiam
621 382 753 443 omnibns
773 384 804 440 in
825 383 898 443 loeis
915 388 1084 443 constanter
1105 387 1268 458 servatum,
1295 383 1376 445 ςὶρρρ
1439 382 1440 447 }

66 446 75 465 α
141 494 144 499 ¹
253 473 284 533 in
304 471 370 529 istis
390 473 525 545 quattuor
544 468 616 527 locis
636 467 736 546 procui
756 467 844 526 dnbio
866 464 897 539 ta
915 461 934 529 ii
954 468 1116 527 rescribere
1136 467 1270 527 debehat.
1292 530 1296 539 Ι

337 551 500 611 Pronomen
519 552 684 612 reflexivum
703 550 806 610 tertiae
819 570 961 628 personae
976 550 1072 610 Attice
1086 553 1177 610 etiam
1190 570 1244 630 pro
1257 555 1375 629 secunda,

253 638 345 699 radus
361 656 417 715 pro
438 638 530 715 prima
548 636 674 715 positum
691 653 767 709 esse,
788 636 905 711 ejusque
926 654 995 695 usus
1017 636 1165 713 quaedam
1188 636 1312 713 exempla
1327 638 1375 714 jan

254 722 326 782 ratis
354 722 471 797 antiqua
495 726 574 780 certa
597 738 680 794 esse,
707 738 742 778 ac
767 720 944 807 procedente
970 725 1105 797 tempore
1127 721 1222 796 magis
1245 722 1375 799 magisque

209 816 213 821 ’
254 805 395 866 cumulata
414 823 497 879 esse,
520 806 596 863 inter
617 821 717 862 omnes
739 809 853 860 constat
879 804 917 863 cs.
938 803 1055 863 Ruhnk.
1077 807 1118 862 ad
1142 804 1223 864 Tim.
1246 803 1296 865 lex.
1316 805 1375 862 Plat

253 910 285 970 p.
301 894 346 950 92.
376 887 479 947 Matth.
498 908 544 966 gr.
558 907 603 964 gr.
618 886 659 960 11,
673 907 702 965 p.
718 891 798 946 1088.
827 886 994 962 Bernhardy
1011 894 1088 964 synt.
1106 889 1217 948 Graec.
1233 908 1262 966 p.
1276 893 1324 948 272
1338 908 1375 965 sq.

38 968 42 975 ’
126 978 141 995 ‘
256 981 335 1053 etp.
357 975 409 1032 286
431 990 475 1048 sq.
507 971 626 1029 Antiatt.
649 970 745 1029 Bekk.
765 970 791 1048 1,
812 990 842 1047 p.
865 974 900 1031 77
921 971 985 1030 coil.
1008 992 1072 1030 cum
1094 993 1126 1051 p.
1149 976 1216 1048 467,
1236 976 1279 1031 aa
1308 972 1375 1033 Suid.

255 1077 280 1122 s.
301 1076 331 1118 v.
354 1054 462 1139 ἑαυτῷ.
494 1053 566 1118 Plat.
580 1053 687 1114 Phned.
701 1059 736 1114 91
750 1055 784 1112 C.
798 1054 944 1133 (Heind.).
975 1056 1122 1135 Interppr.
1147 1058 1187 1115 ad
1210 1055 1298 1133 Soph.
1314 1056 1376 1113 Oed.

255 1140 329 1218 Tyr.
354 1145 406 1200 138
431 1132 525 1213 odric
554 1132 650 1201 αὑτοῦ
676 1138 744 1218 (pro
768 1137 922 1218 ἐμαυτοῦ).
957 1137 1049 1218 Pupp.
1073 1142 1113 1198 ad
1143 1140 1278 1217 Xenoph.
1299 1139 1377 1198 Anat.

255 1223 322 1301 vlt,
343 1230 371 1299 5,
389 1229 416 1283 5.
437 1225 474 1282 ad
496 1223 605 1302 Cyrop.
624 1223 651 1298 1,
673 1228 701 1298 ti,
720 1228 755 1281 35
772 1228 802 1280 et
820 1227 866 1283 44.
897 1225 1002 1286 Buttm.
1023 1226 1053 1282 in
1069 1224 1138 1292 Ind.
1161 1225 1200 1282 ad
1221 1222 1293 1281 Plat.
1314 1221 1375 1280 Diri.

256 1308 307 1372 IV.
328 1340 371 1353 --
394 1305 460 1377 Ind.
481 1305 593 1369 Aeliani
611 1307 679 1365 Var.
700 1307 779 1367 Hist·
799 1305 941 1385 (Knehn.)
965 1328 989 1369 s.
1011 1327 1041 1369 v.
1062 1308 1189 1372 ἑαυτοῦ.
1214 1339 1250 1349 -
1283 1307 1336 1366 Sed
1352 1310 1378 1363 ut

257 1393 362 1453 Atticis
388 1391 434 1449 hio
453 1413 522 1450 usus
543 1390 744 1451 concedendus
766 1398 811 1449 est
831 1392 954 1469 ideoque
975 1412 1033 1450 non
1060 1395 1117 1452 nisi
1141 1394 1257 1451 Atticus
1277 1410 1294 1448 a
1313 1395 1377 1449 vete·

257 1479 336 1536 ribus
359 1477 550 1553 grammaticis
573 1481 619 1534 est
639 1475 811 1555 appellatus,
839 1476 1024 1536 siceuudem
1044 1480 1181 1556 praecise
1204 1485 1280 1551 nego
1300 1464 1378 1532 Hero

258 1562 320 1621 doti
349 1560 458 1636 fuisse,
486 1566 536 1618 aut
563 1560 621 1618 ullo
649 1558 680 1617 in
704 1557 769 1618 loco
801 1560 878 1637 apud
914 1567 1046 1620 nostrum
1079 1560 1292 1625 admittendum
1316 1574 1378 1629 esse,

258 1645 388 1724 quamvis
411 1662 470 1704 non
489 1643 676 1724 manuscripti
703 1643 796 1701 solum
818 1643 881 1702 iibri
907 1645 1067 1711 sedetiam
1087 1647 1210 1722 quidam
1233 1643 1299 1703 editi
1316 1640 1377 1697 huus

257 1728 343 1790 nobis
366 1748 420 1808 pro
440 1729 607 1789 Herodoteo
630 1727 779 1787 venditare
806 1730 978 1793 studuerint.
1019 1728 1042 1790 1.
1068 1735 1104 1788 45
1136 1731 1272 1792 σεωυτοῦ
1289 1724 1379 1798 vulgat.

260 1807 299 1877 σῦ
322 1811 439 1875 ἑωυτοῦ
460 1814 492 1873 S.
508 1844 554 1893 7-
574 1817 626 1873 108
646 1810 677 1886 ἐς
699 1816 832 1874 σεωυτοῦ
853 1832 928 1872 nuno
950 1813 1026 1889 vulg.
1049 1833 1114 1872 cum
1133 1815 1176 1873 Μ.
1199 1813 1239 1874 Κ.
1260 1810 1295 1872 F.
1314 1827 1338 1866 a.
1355 1807 1377 1864 b.

259 1917 286 1958 σ.
307 1897 335 1954 d·
358 1894 402 1975 (ἔς
425 1895 577 1961 ἒστωυτοῦ
598 1894 645 1974 Ρ.)
674 1894 707 1970 ἐς
727 1894 843 1960 ἑωυτοῦ
862 1898 893 1955 S.
937 1896 1012 1957 Ibid.
1034 1897 1123 1975 panio
1146 1916 1238 1976 snpra
1259 1890 1329 1973 μηδὲ
1344 1923 1378 1933 -

259 1981 291 2056 ἐξ
309 1974 437 2061 ῦστέρης
460 1986 582 2067 σεωυτῷ
604 1976 771 2065 περιπέσῃς
798 1981 840 2040 sic
863 1987 941 2040 reete
960 1981 1075 2040 Schaet.
1093 1982 1193 2041 Bekis.
1227 1979 1274 2042 σοὶ
1292 1976 1379 2057 ἑωυτῷ

262 2065 328 2125 Gsf.
345 2067 383 2125 at.
400 2084 463 2124 cum
481 2066 521 2126 M.
540 2085 566 2124 a.
599 2060 637 2128 οῦ
659 2064 761 2149 ἑωυτῷ
781 2065 821 2124 Κ.
842 2066 874 2128 S.
900 2066 936 2125 F.
967 2065 1015 2127 σοὶ
1035 2057 1122 2148 αῦτςο·
1143 2088 1170 2126 α.
1204 2064 1296 2140 Vulgo
1317 2058 1378 2121 too

259 2153 304 2213 roi
324 2155 443 2212 tantum.
463 2179 508 2193 -
528 2152 583 2210 124
601 2143 656 2214 τότ
678 2151 813 2212 σεωυτοῦ
834 2147 933 2226 φονέα
953 2169 1030 2211 nunc
1050 2150 1127 2227 vulg.
1139 2146 1217 2210 'curn
1239 2148 1280 2206 M.
1298 2144 1332 2204 K.
1349 2142 1378 2202 lt

260 2210 298 2294 1²¹.
320 2252 348 2291 a.
368 2253 395 2298 α.
427 2232 541 2295 ἑωυτοῦ
548 2231 627 2301 nlo.
649 2234 682 2291 S.
694 2232 737 2291 V.
754 2230 882 2309 (ἑαυτοῦ
903 2232 932 2294 b.
949 2235 1004 2312 d).
1045 2232 1095 2296 ΙΙΙ.
1120 2239 1161 2294 aa
1184 2233 1315 2296 σεωυτοῦ
1332 2247 1379 2287 nt·

260 2308 362 2395 λττίτας
382 2315 459 2391 vulg.
492 2316 610 2380 tumor
622 2318 656 2374 S.
672 2316 705 2373 V.
738 2315 813 2374 lbid.
830 2311 887 2393 τὴν
909 2321 1042 2379 σεωυτοῦ
1063 2320 1200 2396 πατρίδα
1213 2317 1289 2392 vulg.
1307 2309 1379 2373 tou·

260 2403 317 2465 τοῦ
336 2399 373 2458 F.
412 2399 487 2464 Ibid.
507 2403 564 2479 τῆς
589 2404 727 2463 σεωυτοῦ
748 2400 895 2479 πατρίδος
914 2401 991 2479 vuig-
1024 2400 1143 2482 ἑωυτοῦ
1166 2404 1199 2467 S.
1231 2430 1274 2445 -
1304 2400 1335 2455 5³
1349 2385 1378 2455 td

263 2488 401 2548 σεωυτοῦ
420 2483 497 2559 vutg.
529 2483 647 2548 ἑαυτοῦ
665 2486 698 2542 S.
732 2517 777 2530 -
812 2491 863 2544 155
884 2489 940 2564 τῆς
961 2490 1097 2550 σεωυτοῦ
1122 2489 1266 2569 στρατιῆς
1286 2480 1378 2557 vulgat

262 2568 380 2633 iuononi
399 2570 432 2631 S.
449 2568 485 2627 V.
506 2603 548 2616 -
569 2574 623 2633 1⁰8
641 2566 745 2650 φέρων
767 2567 799 2641 a
821 2574 954 2633 σεωυτοῦ
973 2572 1050 2649 vuig.
1083 2571 1206 2637 ἑωυτοῦ
1225 2573 1257 2628 S·
1282 2596 1323 2611 ·⁴
1349 2562 1378 2619 Εἴ

262 2653 411 2714 adnotavit
423 2653 584 2731 Schweigh.
604 2655 642 2713 ad
663 2654 733 2714 haer
750 2652 837 2714 verba
859 2653 922 2733 (III.
938 2658 986 2737 52)
1008 2657 1037 2718 εἰ
1055 2650 1115 2738 γάρ
1136 2681 1185 2731 τις
1202 2643 1338 2733 συμφορὴ
1353 2645 1378 2709 ἓν

263 2731 383 2802 αῦτοῖστ
404 2737 457 2816 (int
469 2737 514 2797 his
535 2737 637 2816 rebus)
659 2732 795 2822 ἐγεγόνεε
813 2738 883 2806 haee
903 2740 1018 2798 insana:
1045 2740 1155 2816 „Idem
1175 2741 1254 2801 valet
1276 2727 1379 2797 αῦτσῖστ

263 2844 298 2885 ac
321 2821 472 2899 δαυτοῖστ,
496 2825 574 2901 quod
597 2825 625 2883 in
650 2825 744 2901 prima
764 2842 888 2900 persona
912 2823 967 2882 hoo
986 2824 1052 2883 loco
1074 2824 1299 2903 intelligendum,
1317 2817 1378 2876 siout

263 2907 315 2969 IV.
328 2911 363 2969 97
383 2932 419 2988 με
436 2905 553 2972 ἑωυτοῦ
569 2908 714 2970 εἵνεττυ.“
735 2936 779 2951 -
801 2908 861 2966 Sed
882 2906 931 2968 [v.
946 2911 980 2967 97
1001 2908 1094 2969 aeut.
1116 2911 1217 2969 etalii
1236 2908 1293 2985 jam
1313 2904 1378 2960 reete

264 2992 387 3078 eoodd.
412 2993 443 3050 S.
464 2992 499 3062 7.
520 3013 557 3069 με
577 2990 730 3069 ἐμεωυτοῦ
750 2989 862 3053 nivenen
883 2992 1078 3057 restituerunt,

347 3075 451 3135 Restat
470 3080 501 3132 ut
521 3071 559 3133 de
579 3074 753 3133 soloecismo
772 3076 911 3153 quodam,
940 3094 1143 3154 nonnunquam
1159 3077 1190 3135 in
1211 3070 1378 3135 Herodotus

264 3156 351 3216 eodo.
371 3157 442 3233 Mes.
470 3162 500 3215 et
526 3158 592 3216 edd.
621 3163 694 3216 vett.
720 3158 794 3216 salso
823 3160 955 3238 invecto,
981 3180 1128 3237 moneam,
1158 3180 1194 3220 ex
1221 3177 1278 3236 qno
1304 3153 1327 3216 l.
1351 3149 1380 3207 ⁷³

264 3238 369 3320 optor
382 3238 619 3304 ἓωυτίωοΑΙσσε
639 3259 790 3320 perperam
811 3244 909 3321 posuit
923 3264 979 3322 pro
999 3245 1117 3322 vulgato
1137 3264 1214 3304 nuno
1234 3244 1312 3302 reete
1325 3248 1379 3292 tum

264 3325 351 3387 codd
367 3325 409 3385 M.
427 3325 465 3385 F.
482 3345 512 3390 a.
530 3327 560 3385 tn
582 3345 608 3384 α.
633 3327 667 3385 d.
690 3324 793 3404 σφέων
812 3321 928 3399 adraim
961 3325 984 3389 I.
1012 3334 1066 3388 144
1091 3328 1196 3407 σφέων
1217 3319 1313 3389 rainois·
1334 3332 1378 3395 1³¹⁰

265 3402 376 3473 αῦτσῖυ.
420 3410 470 3470 IV.
493 3415 545 3471 148
567 3409 664 3490 σφέας
691 3406 826 3485 ἑωυτούς
854 3412 916 3491 (vel
945 3416 1029 3489 σφοῖς
1049 3409 1195 3491 ἕωυτοῦς,
1222 3412 1303 3490 σφοῖς
1321 3402 1379 3465 3⁸¹³·

265 3487 340 3568 τοῦς
359 3495 411 3576 F.)
437 3514 491 3574 pro
516 3494 610 3575 σφέας
630 3489 742 3569 αὐτοῦς
761 3516 836 3556 nunc
856 3498 935 3572 vulg.
959 3515 1022 3555 cum
1044 3498 1077 3556 S.
1099 3497 1134 3558 V.
1155 3517 1181 3558 c.
1212 3493 1249 3556 ef.
1274 3497 1303 3551 et
1320 3486 1377 3544 Vnt·

264 3578 543 3643 Lecttadv.15.
572 3578 623 3640 vl.
648 3586 693 3643 ιτ.
715 3585 760 3643 us.
789 3580 867 3641 vlu.
888 3586 949 3641 140.
980 3580 1082 3644 Maon.
1103 3581 1148 3660 gr.
1171 3601 1215 3660 gr.
1239 3582 1271 3657 1,
1288 3591 1317 3657 ρ·
1335 3569 1378 3629 ³⁵³

266 3664 356 3737 §lta
376 3670 406 3723 et
424 3683 509 3742 quem
526 3666 650 3728 laudavit
672 3663 779 3728 Ttou.
800 3666 880 3744 mag.
900 3686 930 3745 p.
947 3669 1011 3726 826.
1122 3689 1127 3696 ·

726 3984 938 3994 .-.-..-.-.·-.
