2942 4900
400 228 447 289 De
470 230 589 293 dialecto
614 226 783 290 Herodotea
800 231 846 290 lib.
871 231 891 290 l.
1193 236 1233 300 51

14 400 15 433 ³
92 404 178 463 dotus
204 420 241 459 an
264 397 376 459 cresim
403 418 439 457 un
464 418 499 457 ex
528 397 765 475 logogrephorum
792 418 907 459 numero
934 400 1042 477 aliquis.
1089 404 1236 469 Praeterea

14 490 16 523 l
91 491 129 546 ad
162 495 274 564 tempus
303 485 440 560 crrjusque
465 485 609 560 scriptoris
640 484 847 559 diligentissime
875 486 975 562 respici
1008 489 1100 548 debet.
1149 490 1233 567 Nam,

14 574 15 603 l
55 604 63 613 ⁷,
91 574 173 648 quod
193 572 252 646 jam
275 588 360 648 snpra
385 570 491 640 monui,
521 587 618 626 recens
647 569 708 645 ipsa
734 569 832 627 Jorrica
863 570 997 628 dialectos
1016 575 1150 651 temporis
1171 595 1234 635 suc·

92 675 173 715 cessu
206 655 295 714 varias
325 654 445 711 habebat
473 653 567 711 multis
589 654 616 709 in
640 654 723 710 rebus
747 654 920 712 mutationes.
964 655 1044 723 Quas
1069 676 1166 718 omnes
1190 663 1235 719 di·

14 748 15 779 l
93 742 240 798 versitates
262 739 490 813 differentiasque
512 737 655 814 paullatim
678 737 782 811 negligi
805 740 1009 815 exaequariqne
1031 752 1148 821 coeptas
1165 764 1236 816 esse,

14 892 15 901 ἵ
95 832 136 898 nt,
156 825 235 882 noris
258 823 349 881 multis
378 823 525 880 verborum
554 823 650 878 fucinis
678 828 765 896 atque
790 823 930 880 interdum
967 827 1051 889 etiarn
1086 830 1237 887 sorruarnm

14 940 15 945 =
93 910 224 967 tnrrnstris
256 909 373 985 repertis
407 907 576 981 additisque,
610 908 763 963 corumuuis
794 909 939 981 ⁴quaedam
969 909 1080 968 Jonica.
1103 913 1237 971 dialectos

14 1000 16 1031 l
92 995 229 1069 oriretur,
252 992 330 1051 haud
350 1000 455 1049 temere
477 991 557 1048 nobis
583 997 706 1048 statuere
728 990 862 1048 virlemnr.
906 993 948 1050 Ut
978 995 1049 1050 eninr
1083 1001 1236 1056 communis

94 1077 141 1135 illa
162 1078 260 1152 lingua
284 1085 354 1150 tum,
374 1095 461 1150 ιῙιιιιιιι
482 1075 540 1149 jaur
564 1083 697 1149 quattuor
720 1074 784 1131 illae
813 1078 905 1150 graeci
939 1079 1074 1135 sermonis
1102 1081 1235 1139 differen-

93 1165 150 1219 tiae
168 1163 262 1237 vigere
283 1162 439 1237 desierant,
464 1161 581 1217 maxime
611 1160 750 1229 effloruit,
771 1159 811 1217 sic
834 1162 925 1217 etiam-
939 1164 1031 1219 variae
1056 1166 1136 1222 unius
1162 1167 1235 1240 ejus-

14 1262 15 1289 ι
94 1249 216 1322 demque
238 1245 349 1303 dialecti
373 1247 488 1319 torrnae,
515 1263 600 1319 quum
622 1246 758 1318 sequioris
784 1245 884 1302 aetatis
902 1247 1051 1324 scriptores
1068 1248 1165 1308 sedulo
1185 1270 1235 1308 an-

14 1346 15 1363 ³
92 1332 230 1406 tiquiores
263 1331 367 1406 promi
355 1349 421 1387 seue
443 1330 625 1399 imitarentur,
649 1348 705 1385 non
728 1329 796 1385 satis
813 1329 964 1389 discinctae
986 1338 1060 1395 sunt
1096 1332 1134 1390 Et
1146 1336 1234 1412 prima

93 1427 159 1494 post
182 1415 284 1473 Christ.
308 1424 364 1471 nat.
387 1413 480 1472 secula
501 1431 633 1497 magnum
665 1414 909 1488 grammaticorum
938 1421 967 1473 et
997 1416 1137 1476 rhetorum
1166 1439 1234 1496 pro-

14 1520 15 1537 ι
93 1505 224 1558 ventum
230 1499 389 1556 extulerunt
410 1499 460 1571 (ct.
483 1492 602 1556 Hearen
627 1498 647 1567 l,
684 1518 713 1574 p.
752 1503 785 1556 18
812 1516 876 1573 sqq.
914 1498 1068 1558 Herodian.
1097 1501 1121 1575 l,
1151 1523 1176 1561 c
1206 1511 1233 1562 2.

95 1585 217 1643 Praelat.
240 1582 374 1642 Nuunesii
397 1584 433 1640 ad
455 1581 581 1660 Pbrynq)
603 1582 776 1656 mrdtumque
797 1583 930 1640 fuissem
950 1586 1101 1643 tractandis
1123 1587 1234 1645 imitan-

94 1668 320 1743 disquelouicae
342 1668 449 1726 dialecti
472 1666 654 1744 scriptoribus
673 1668 795 1723 studium
811 1668 944 1746 positum,
966 1671 1113 1728 manifesto
1131 1672 1234 1732 docent

93 1755 198 1830 scripta
211 1753 346 1827 Erotiaui‚
367 1752 477 1824 Galerii,
500 1753 623 1822 dretaei,
646 1750 788 1808 declarant
804 1752 914 1809 Arriani
937 1754 1042 1825 ludica,
1063 1756 1232 1814 documento

14 1844 15 1849 ’
92 1843 162 1895 surrt
182 1836 298 1894 Luciaui
315 1838 380 1894 libri
402 1839 439 1895 de
465 1837 524 1894 Dea
545 1837 637 1912 Syria,
655 1837 692 1893 de
716 1833 885 1911 Astrologia.
935 1837 992 1904 Qui
1021 1858 1118 1899 omues
1144 1843 1233 1919 scrip·
1264 1878 1267 1885 -

14 1924 15 1931 ’
91 1931 178 1994 tores,
197 1940 366 1997 quamquam
388 1940 470 1978 snum
492 1921 610 1996 quisque
632 1919 683 1976 sibi
704 1921 885 1997 proposuisse
907 1922 1063 2000 exemplum
1090 1927 1232 2000 putandus

14 2003 16 2011 ’
92 2013 147 2079 est,
169 2007 256 2063 multa
277 2015 369 2064 trrrueu
394 2007 550 2082 promiscue
571 2011 750 2080 usruparuut,
773 2004 931 2079 multasque
951 2025 1040 2062 novas
1066 2009 1169 2064 formas
1191 2010 1233 2065 in-

92 2092 249 2162 duxeruut;
281 2091 359 2165 quod
379 2110 413 2147 eo
440 2091 544 2147 facilius
566 2089 627 2147 lieri
650 2090 761 2165 potuit,
784 2107 841 2162 quo
863 2091 953 2164 magis
976 2090 1103 2148 tamilla
1131 2093 1233 2150 dialec-
1323 2083 1326 2088 ¹

14 2178 15 2187 ’
91 2183 139 2234 tus
161 2175 219 2250 jam
242 2194 258 2231 a
281 2176 419 2233 communi
443 2175 517 2232 vitae
539 2194 591 2231 usu
614 2178 722 2230 remota
744 2191 761 2228 a
783 2174 970 2248 graurmaticis
994 2171 1101 2232 tantum
1124 2184 1152 2234 et
1169 2176 1234 2235 rhe-
1261 2218 1270 2233 ι

90 2260 202 2320 turibus
223 2279 273 2338 per
289 2261 444 2316 ‹lontrinam
467 2267 496 2317 et
520 2260 623 2335 scripta
644 2265 802 2315 sustentata
822 2268 874 2316 est.
910 2256 969 2316 Nec
993 2260 1109 2317 multum
1132 2280 1232 2319 acero

14 2346 17 2393 ἰ
89 2346 231 2421 aberrare·
247 2345 312 2401 milri
338 2345 449 2407 videor,
471 2345 495 2400 si
515 2344 583 2400 illud
606 2344 692 2401 fuisse
728 2340 976 2421 tempus'statuo,
1002 2364 1059 2418 quo
1090 2345 1176 2402 multa
1204 2348 1232 2405 in

14 2424 29 2441 ⁶
89 2431 259 2489 Herodotea
282 2430 409 2487 erratione
431 2429 672 2507 permiscerentur,
695 2427 856 2503 multaeque
878 2447 969 2486 novae
995 2431 1102 2488 formae
1130 2439 1160 2487 nt
1181 2431 1232 2487 Jo-

90 2518 170 2574 uicae
201 2515 414 2585 inducerentnr3
443 2523 473 2571 ut
505 2533 563 2590 quo
591 2514 701 2589 saepius
729 2520 759 2570 et
786 2512 972 2588 negligentius
1002 2515 1141 2572 Herodoti
1171 2517 1233 2575 libri

91 2598 205 2658 tractati
227 2599 414 2676 ‹lescriptique
436 2605 511 2674 siml,
535 2613 569 2655 eo
596 2599 686 2673 magis
707 2605 859 2672 augeretur
877 2598 1050 2674 perturbatio
1068 2606 1097 2656 et
1117 2620 1232 2678 corrup-

90 2684 143 2743 rio.
187 2684 358 2743 Creberrime
383 2684 455 2741 enim
478 2689 538 2740 tum
554 2681 694 2739 Herodoti
716 2681 884 2758 exemplaria
900 2701 962 2740 esse
983 2684 1136 2760 descripta,
1166 2687 1233 2742 e'ta

14 2804 35 2822 ι.
91 2769 210 2827 librariis
227 2786 312 2846 saepe
331 2769 460 2844 gentunis
485 2766 578 2825 verbis
600 2765 751 2823 substituta
772 2784 836 2822 esse
857 2783 906 2835 ea,
929 2785 1003 2841 quae
1018 2766 1073 2822 illis
1099 2771 1233 2844 tempori·
1300 2761 1304 2766 ¹

92 2852 148 2910 bus
171 2861 263 2929 essent
285 2851 523 2930 probata‚‚s'upra
541 2851 601 2928 jam
623 2850 749 2907 vidimus.
792 2846 895 2925 Neque
915 2852 999 2907 etiam
1015 2857 1115 2928 postea
1140 2852 1232 2909 statim
1259 2905 1261 2914 ι

14 2977 17 2988 .
89 2938 147 2995 ista
170 2937 335 3015 exemplaria
356 2937 457 3012 corrigi
477 2933 625 3014 pbterant‚
652 2933 815 3012 praesertim
845 2952 930 3009 quum
952 2933 1007 3009 jam
1029 2936 1095 2994 inde
1116 2937 1234 2994 acon-

14 3051 17 3100 ς
88 3022 205 3102 stantiui
228 3022 325 3098 Magni
348 3022 527 3098 temporibus.
540 3020 644 3078 multas
666 3025 765 3077 notum
788 3019 824 3076 sit
841 3021 1012 3077 concurrisse
1028 3022 1160 3079 adversas
1177 3041 1232 3094 res,

89 3106 193 3183 quibus
217 3106 326 3165 litterae
348 3108 535 3185 expeditaque
556 3104 731 3180 antiquitatis
759 3105 960 3182 pervestigatio
988 3124 1120 3182 magnum
1150 3119 1253 3185 cape·

14 3227 17 3258 ι
88 3195 155 3250 reut
177 3192 373 3252 detrimentum
395 3199 484 3267 atque
508 3192 710 3267 impedirentur
739 3188 789 3260 (cf.
817 3185 982 3267 Heeren‘l,
1003 3211 1030 3267 p.
1059 3194 1077 3249 9
1103 3210 1177 3267 sqq,
1204 3212 1232 3270 p.

88 3280 143 3351 77,
168 3298 195 3353 p.
225 3279 286 3350 51).
336 3275 420 3333 lstam
447 3277 485 3334 ad
508 3275 700 3334 contusionem
732 3274 809 3332 haud
838 3275 923 3332 dubie
949 3276 1090 3352 pertinent
1117 3278 1234 3346 formae,

87 3360 291 3436 quibusdam
284 3381 312 3420 m
335 3360 419 3419 codd.
439 3360 507 3420 Mss.
526 3360 634 3431 obuiae,
656 3382 770 3437 φοιτηι
770 3401 780 3429 ,
794 3360 936 3440 χρέεσθαι
947 3359 1024 3417 aliae
1030 3359 1232 3435 hujuscemodi

86 3446 127 3503 de
151 3446 256 3520 quibus
272 3446 346 3503 infra
366 3445 422 3501 suis
442 3446 470 3502 in
490 3444 558 3501 locis
581 3443 745 3501 videbimus.

14 3589 17 3604 Ι
174 3529 294 3587 Multum
315 3528 359 3586 isti
382 3537 528 3607 praeterea
550 3547 668 3604 graecae
691 3521 805 3602 tintinna
828 3525 939 3583 licentia
962 3544 1014 3602 per
1034 3526 1233 3600 paragogicam

14 3655 18 3674 ι
87 3611 234 3686 quandam
249 3614 368 3672 litteram
390 3633 464 3672 nova
488 3614 653 3671 traducendi
671 3612 759 3670 rerba
784 3609 865 3667 abusi
886 3614 962 3683 sunt,
984 3608 1101 3665 multum
1127 3629 1161 3667 eo
1183 3610 1234 3667 Jo-
1279 3671 1282 3676 .

14 3746 17 3758 .
85 3714 158 3756 num
185 3715 279 3766 more,
312 3716 369 3773 quo
395 3698 500 3758 formas
528 3703 685 3755 coutractas
714 3715 767 3773 per
790 3693 1042 3754 {consueverunt
1071 3695 1234 3771 dissolvere,

14 3833 18 3844 .
85 3798 180 3856 quum
203 3780 247 3840 isti
272 3782 354 3840 etiam
376 3803 432 3841 non
457 3787 614 3842 contractas
636 3799 720 3837 voces
743 3788 791 3836 aut
822 3778 882 3854 jam
904 3787 1078 3851 contractas,
1121 3779 1233 3837 i‘inse-

14 3916 17 3928 .
83 3866 194 3936 rendo,
218 3867 244 3924 in
272 3867 407 3941 majorem
434 3869 575 3942 quenulam
597 3865 715 3922 louismi
745 3865 864 3940 speciem
891 3864 1087 3941 depravarent.
1131 3863 1248 3938 Neque,

83 3958 182 4010 tamen
203 3951 258 4010 boc
268 3951 408 4009 Herodoti
432 3959 485 4025 est,
508 3969 601 4026 neque
617 3949 641 4006 ei
662 3948 724 4025 ipsi,
748 3949 770 4004 si
792 3950 866 4006 forte
877 3949 934 4008 tale
946 3951 1014 4025 qnid
1038 3951 1066 4007 in
1090 3949 1233 4006 codicibus

14 4099 16 4108 ¹
83 4036 250 4106 invenimus,
277 4037 474 4114 tribuendum,
500 4037 606 4113 quippe
629 4034 677 4108 qui
699 4027 843 4109 uunquam
871 4034 924 4092 nisi
949 4042 1026 4112 certa
1053 4033 1176 4108 quadam
1198 4051 1233 4088 ex

14 4145 16 4152 ,
83 4121 278 4179 contractione
298 4121 406 4181 solutas
430 4122 603 4197 usurpaverit
634 4120 746 4176 immas.
801 4119 1001 4176 Verumtamen
1029 4115 1232 4190 Hemsterlrnsii

83 4207 259 4281 temporibus
283 4213 371 4280 atque
392 4205 584 4282 indisciplina
605 4221 718 4275 eorum,
746 4204 793 4278 qni
820 4204 855 4260 ab
882 4204 943 4276 ejus
971 4202 1138 4261 auctoritate
1162 4222 1232 4278 pen-

14 4345 16 4354 ,
81 4288 190 4350 debant
212 4297 241 4349 et
262 4291 398 4369 pendent,
420 4309 540 4365 quorum
566 4288 726 4347 innumere
751 4290 804 4345 lrac
830 4307 862 4344 er
887 4295 967 4362 parte
988 4287 1072 4426 {tipum
1087 4285 1231 4361 Schweig-
