2942 4900
501 210 547 271 De
568 210 688 271 dialecto
709 152 941 270 Hfflmqb·
964 213 989 271 1.
1062 212 1064 220 ’
1271 211 1290 275 i

153 381 316 457 ubinam,
337 377 435 440 idest
455 382 632 452 mortania,
653 378 691 436 nd
714 375 792 453 leges
812 379 930 436 recentis
951 378 1041 438 Jados
1072 381 1125 438 sibi
1155 384 1289 443 formasse

153 468 300 546 putandus
317 466 372 540 sit,
395 464 539 540 mnodo
560 470 664 541 poetas
687 461 726 519 illi
745 461 903 537 artificiose,
924 462 954 521 irl
968 469 1012 522 est
1025 464 1067 523 sui
1079 465 1288 525 metriuecessi-

154 554 209 612 rari
228 552 432 622 convenienter,
457 548 542 616 verbs
563 566 616 609 sus
636 546 721 606 variis
739 547 766 604 in
788 547 883 606 lormis
897 549 1084 609 adhibuerint
1107 548 1288 611 Fundamen-

154 646 218 696 ιω
236 637 323 710 igitur
343 634 524 692 Herodotcue
544 631 678 691 orationis
702 637 746 690 cst
770 650 877 690 recens.
894 634 959 707 Jas,
986 652 1060 711 quae
1087 653 1174 710 quarn
1200 634 1288 694 multa

123 754 135 763 -
155 741 218 783 curn
238 719 388 778 Homerico
418 736 560 791 mrmone,
583 716 675 789 multa·
693 736 756 774 cum
785 722 879 774 vetere
902 715 996 778 Attica
1021 718 1143 777 dialecto
1172 719 1287 778 haberet

154 805 326 876 communia,
352 823 387 860 eo
409 803 516 862 facilius
536 804 620 861 etiarn
638 801 691 859 alia
710 801 850 876 quaedam
871 820 905 859 ex
927 802 978 860 hac
1004 803 1142 861 affinitate
1165 805 1289 881 recipere

152 895 184 949 et
204 890 242 946 ad
266 907 334 947 suas
353 888 432 963 leges
452 888 574 944 formare
598 886 730 963 potuit*)
772 883 837 952 Qua
857 887 885 943 in
909 888 1101 945 convenientia
1116 897 1202 963 atque
1219 909 1287 946 con·

152 975 286 1033 auritus
305 973 426 1031 mantne
443 972 565 1030 cernitar
584 969 742 1030 llerodotci
763 970 859 1048 operis
871 971 1036 1044 artificium,
1059 973 1182 1048 loquitur
1214 974 1286 1030 enirn

152 1058 317 1117 Herodotus
338 1057 368 1114 in
391 1055 592 1137 componendis
615 1073 709 1113 rorum
728 1057 917 1113 monumentis
930 1056 1105 1130 Jonicoote,
1129 1057 1287 1132 nequehoc

153 1141 290 1201 vocabula
311 1142 398 1199 modo
420 1141 473 1199 hac
493 1140 580 1199 modo
602 1139 649 1199 illa
676 1140 768 1199 torma
793 1141 918 1217 profert,
950 1141 1000 1199 sed
1027 1146 1122 1200 nnat
1145 1142 1229 1205 etiarn
1257 1142 1285 1199 in

151 1226 307 1304 peregrinis
335 1226 550 1302 pronuntiandis
579 1223 671 1283 verbis
701 1225 887 1283 constantiam
914 1226 1070 1301 quandam,
1093 1226 1129 1283 ab
1152 1225 1213 1303 ipsa
1235 1244 1286 1283 na·

45 1315 50 1321 “
152 1319 218 1370 rurs
242 1311 406 1388 profectam.
456 1309 542 1368 Unde
571 1316 603 1367 et
632 1311 752 1367 veneras
783 1309 933 1373 formarum
962 1309 1142 1384 dijudicanda
1169 1316 1227 1380 est3
1257 1317 1287 1368 et

151 1402 298 1475 praeterea
316 1396 346 1453 in
368 1395 534 1453 Herodoteo
556 1412 642 1471 opere
662 1394 868 1452 considerando
895 1393 925 1450 id
952 1394 1104 1452 tenendum
1132 1394 1196 1452 mihi
1224 1411 1286 1451 esse

151 1481 274 1552 videtur,
295 1479 444 1537 usitasse
464 1478 541 1536 illurn
561 1497 640 1536 arsam
661 1478 712 1535 sibi
729 1478 848 1553 elegisse
864 1478 1028 1537 orationem.
1059 1479 1100 1537 Ut
1119 1496 1184 1536 vero
1199 1478 1286 1535 multa

153 1565 239 1622 rerba
260 1563 465 1638 verborumque
488 1561 723 1621 conformationes
746 1562 836 1639 poetis
863 1569 971 1621 tanturn
996 1580 1142 1622 concessas
1163 1563 1286 1639 evitant,

152 1650 195 1707 ita
224 1654 253 1705 et
278 1649 372 1706 omnia
403 1666 467 1706 cuns
498 1664 533 1706 ex
559 1647 692 1709 interiore
722 1653 830 1705 tantum
856 1647 1011 1706 Atticorum
1037 1647 1165 1722 aliusque
1193 1647 1286 1724 stirpis

152 1751 207 1791 usn
227 1733 381 1810 repetenda
399 1732 570 1810 repudiasse,
589 1750 641 1810 per
659 1750 689 1790 se
710 1739 781 1809 puto
799 1732 916 1809 patebit.
945 1731 1048 1808 Neque
1071 1732 1156 1807 igitur
1176 1733 1285 1802 mirum,

41 1815 45 1820 ’
151 1818 177 1875 si
193 1817 307 1894 saepius
323 1817 410 1876 rerba
430 1817 595 1893 formaeque
618 1816 757 1891 quaedam
782 1817 1165 1892 arcteribus·grammaticis
1185 1818 1286 1894 partim

152 1902 246 1980 poetis
267 1902 369 1979 partim
390 1901 449 1958 aliis
470 1902 586 1973 tributa,
615 1901 698 1958 etiarn
720 1902 797 1978 apud
823 1910 947 1959 nonnum
969 1902 1163 1972 inveniuntur3
1188 1916 1286 1976 nequa

151 1986 267 2057 mirum,
297 1986 323 2042 si
347 1987 456 2064 saepius
479 2004 553 2061 quae
573 1986 611 2042 illi
633 1986 746 2043 nornine
776 1988 888 2056 rosade
913 1984 958 2042 vel
982 1983 1164 2062 Ἑλληνικοῖς
1185 1985 1286 2062 ,appel-

150 2071 211 2131 lare
232 2069 306 2127 soliti
327 2076 403 2147 sunt,
425 2089 459 2128 ea
478 2071 540 2148 ipsa
554 2072 583 2128 in
608 2071 695 2128 nostri
721 2070 848 2128 oratione
868 2077 1033 2141 cernuntur,
1055 2088 1113 2144 quo
1140 2074 1170 2126 et
1199 2068 1286 2147 perti-

150 2161 201 2214 net
221 2153 319 2232 procul
340 2156 426 2212 dnbio
439 2156 544 2212 Suidae
565 2155 661 2230 glossa
680 2148 777 2230 Ἰαστί,
796 2152 971 2232 Ἑλληνιστί.
1016 2154 1108 2229 Hujus
1129 2158 1222 2211 autem
1239 2162 1286 2210 ar‘-

150 2239 227 2297 titicii
248 2238 323 2298 aliud
344 2240 429 2298 &aar
453 2240 481 2296 in
498 2241 604 2314 graecis
620 2235 717 2297 litteris
733 2239 888 2317 exemplum
905 2240 1069 2312 invenimus,
1091 2234 1286 2297 Lucianiillud
1343 2296 1345 2303 χ

150 2324 285 2402 smiptnm
307 2324 345 2382 de
366 2325 420 2382 dea
441 2325 538 2400 Syria,
565 2325 680 2382 modum
701 2330 811 2382 tantum
834 2325 985 2396 excedens,
1004 2323 1170 2399 ceteroquin
1198 2322 1285 2381 mani·

150 2411 224 2469 testo
245 2408 440 2482 Herodoteam
465 2417 555 2469 artem
576 2409 727 2470 aemulans.
758 2409 923 2467 Herodotus
947 2409 1022 2469 enim
1044 2415 1076 2468 ut
1093 2406 1223 2467 historias
1243 2408 1286 2486 ip·

149 2513 197 2553 sas
217 2514 235 2553 a
254 2513 287 2553 se
301 2500 428 2553 narratas
444 2494 593 2553 artificiose
608 2495 765 2572 composuit
782 2496 834 2570 (cf.
853 2493 968 2571 Dionys.
993 2494 1057 2552 Hal.
1075 2511 1119 2571 ep.
1138 2491 1175 2550 ad
1186 2492 1284 2569 Pomp.

150 2578 270 2655 1tl,11.
301 2576 426 2655 Longin.
454 2580 491 2636 de
517 2579 646 2637 sublinit.
679 2578 756 2655 Xlll,
779 2581 811 2651 t)
827 2578 999 2655 affabrisque
1027 2578 1176 2636 Homedco
1198 2578 1286 2635 modo

151 2664 340 2722 narrationum
372 2663 488 2721 nexibus
519 2669 611 2721 toturn
636 2681 709 2740 opus
739 2662 894 2739 colligavit,
926 2666 965 2721 ita
993 2665 1143 2721 dictionem
1171 2659 1286 2739 quoquc

152 2766 233 2807 susm
255 2747 305 2804 sihi
330 2749 483 2824 propriam,
506 2755 538 2805 nt
556 2748 642 2805 nroslo
667 2748 836 2822 monuimus,
860 2749 1043 2805 concinnavit.
1088 2744 1196 2821 Neque
1213 2748 1287 2805 enim

152 2851 200 2891 ars
220 2838 303 2902 esset,
324 2833 349 2889 si
372 2852 454 2896 omne
476 2832 536 2890 iere
556 2831 723 2890 vocabulum
749 2832 835 2888 ruodo
857 2831 910 2889 hac
928 2834 1014 2888 modo
1032 2831 1076 2888 illa
1095 2831 1187 2889 forma
1205 2849 1286 2889 usar-

150 2922 255 2996 passer,
276 2917 329 2975 sed
354 2917 535 2992 negligentia,
559 2916 755 2988 inconstantia,
781 2915 871 2991 qualis
891 2925 936 2975 est
960 2916 1142 2973 librariorum.
1187 2943 1190 2947 ·

234 3001 302 3079 lpse
322 3008 415 3059 antem
435 3020 489 3060 sua
512 3009 612 3060 natrua
634 3009 720 3076 atque
742 2999 837 3058 indole
867 3002 968 3077 partim
993 3003 1030 3058 arl
1053 3001 1160 3079 apricam
1186 3006 1285 3070 artem,

149 3087 265 3165 partim,
288 3086 367 3160 quod
389 3087 479 3163 ipsum
502 3106 581 3162 opus>
594 3104 676 3144 srrrrm
693 3088 761 3146 satis
776 3103 916 3162 superque
932 3087 1066 3162 ostendit,
1088 3086 1126 3143 ad
1143 3085 1284 3143 historiam

144 3169 374 3248 componendam
394 3170 553 3245 inclinabat,
574 3172 676 3247 partim
699 3170 736 3228 ad
762 3170 792 3228 id
812 3169 966 3229 litterarum
984 3171 1137 3247 fastigium,
1158 3170 1187 3227 itt
1207 3173 1286 3247 quod

149 3255 199 3314 illo
226 3261 354 3334 tempore
380 3253 497 3314 Athenis
522 3256 655 3333 imprimis
678 3254 828 3329 tragoedia
854 3260 952 3315 evecta
976 3261 1044 3315 arat.
1094 3252 1197 3329 Neque
1217 3254 1299 3311 ‘dist

148 3346 240 3400 tracta
265 3338 308 3397 his
329 3339 411 3397 rebus
430 3344 534 3398 natura
553 3340 616 3416 ejus
638 3347 687 3398 aut
709 3341 816 3398 discors
837 3340 929 3413 iacta3
952 3341 1002 3398 sad
1023 3358 1132 3398 summa
1155 3339 1286 3397 eiinerat

149 3423 417 3500 concordiamque
443 3427 614 3501 musantia,
642 3425 769 3501 miraque
795 3426 874 3498 quasi
897 3423 1073 3482 concinnitas
1100 3428 1133 3480 nt
1163 3423 1301 3480 omninm‘

150 3509 361 3584 sufflationem·
379 3515 409 3583 ot
429 3527 570 3583 menum,
589 3510 630 3568 sic
652 3511 736 3567 etiam
766 3509 909 3572 orationis.
953 3507 1087 3583 Panyasi,
1114 3512 1179 3563 vate
1207 3501 1286 3562 Hali-

151 3609 299 3651 carnasseo
321 3593 478 3670 eademque
501 3593 589 3651 nobili
613 3592 660 3651 illo
681 3598 767 3671 poeta
792 3593 883 3669 epiico,
905 3592 954 3666 qui
974 3589 1141 3648 carminibus
1157 3589 1286 3649 sntsHe-

151 3675 244 3735 raclea
265 3681 294 3733 ct
313 3675 417 3736 danicis
450 3679 614 3744 exstinctam
633 3678 692 3753 jam
712 3678 819 3755 epicam
841 3678 939 3754 poesin
968 3676 1148 3738 remacitassc
1174 3676 1286 3746 dicitur,

151 3767 181 3819 et
206 3760 234 3818 in
259 3777 316 3835 quo
338 3764 457 3822 eandem
477 3763 646 3841 disponendi
664 3763 802 3822 rationmr
826 3761 977 3819 larularuut
996 3767 1105 3820 reseres
1126 3761 1212 3820 critici
1233 3761 1285 3835 (ci.

150 3844 270 3913 Quintil.
286 3844 323 3918 X,
337 3850 363 3916 l,
383 3847 442 3925 at),
467 3867 525 3924 qna
540 3848 721 3906 Herodotum
742 3846 877 3905 excellere
903 3866 979 3905 nunc
995 3847 1049 3927 ipsi
1071 3847 1215 3921 sirim,
1238 3844 1288 3903 illo

149 3930 271 4007 Panyasi
296 3949 375 3989 usum
401 3951 463 3989 esse
473 3932 653 3994 Herodotum
678 3930 815 4010 patruele,
837 3938 937 3991 notum
958 3938 1001 3992 est
1031 3933 1088 4009 (ei.
1107 3929 1190 3989 Suid.
1215 3947 1240 3987 s.
1259 3949 1304 3984 rs

151 4009 315 4088 tinniente
337 4023 367 4075 ct
385 4017 483 4093 Heyse
504 4017 522 4077 l.
545 4018 564 4077 l.
586 4038 616 4096 p.
642 4023 676 4077 tn
699 4019 792 4093 sqq).

64 4197 76 4210 ,
220 4146 245 4211 *)
262 4145 372 4200 Photius
382 4146 488 4231 (lipsiae
498 4146 597 4229 Pprsic.
617 4148 638 4215 5.
650 4145 692 4200 64.
712 4146 818 4270 ΞΒαοὶπ.
835 4147 907 4201 ths.
925 4147 1029 4232 Reliqq.
1045 4163 1071 4229 p,
1086 4142 1146 4228 20)r
1159 4138 1288 4211 κέχρηται

149 4215 300 4282 (chctcc)
319 4212 349 4268 di
369 4234 405 4285 cp
429 4212 710 4287 lnvsaptrctiacp,s
738 4213 776 4285 pri
796 4210 831 4269 δι’
846 4213 1054 4282 stannaturam
1068 4211 1222 4281 andttttr
1240 4211 1288 4267 tli-

151 4278 258 4337 iolunr’
275 4278 548 4352 irlccrsvdeir'ierp,
592 4309 598 4312 Α
918 4323 922 4330 .
1117 4317 1129 4324 ..
1174 4321 1176 4326 .
