2942 4900
223 233 263 296 ld
537 237 581 297 lle
604 238 724 296 dialecto
750 234 915 295 Herodotea
935 235 981 301 lib.
1006 235 1027 295 Ι.

222 405 421 486 plerorumque
441 403 626 465 recentiorum
658 404 813 475 editorum,
839 421 925 482 quum
960 406 1073 483 praeter
1105 402 1178 463 alios
1208 404 1374 466 &annuns

223 490 400 549 Gaisl'ordins
422 490 466 565 (in
490 491 578 568 praet.
601 491 638 548 sd
665 488 772 548 Herod.
794 506 822 566 p.
848 492 899 565 at)
921 488 1101 566 quaestiones
1120 490 1257 565 qumdam
1271 510 1374 567 gram·

224 576 353 648 maticas,
377 579 408 634 ut
432 576 469 634 de
490 576 642 652 scripturae
664 573 829 631 diversitate
851 574 962 652 μοίρην
991 580 1020 632 et
1042 574 1169 653 potpov,
1191 571 1312 637 τούτων
1342 584 1373 633 et

224 656 365 734 τουτέων,
396 658 567 725 ιλιΠιιιιιλί
590 665 657 718 aute
677 657 801 717 vomlem
823 657 1003 735 inceptivum,
1028 664 1059 715 et
1079 658 1139 716 aliis
1152 700 1155 705 »
1169 659 1248 717 baud
1270 661 1373 736 ‘negli-

225 743 326 820 gendis
358 742 459 821 rebus,
485 750 517 803 ut
546 744 676 802 minutias
708 743 868 801 contemtim
901 743 1127 820 praetermiserit.
1176 743 1273 811 Quom
1301 764 1372 803 vero

224 829 287 889 illae
308 829 336 889 iu
361 848 453 906 panca
474 829 591 887 collatae
619 827 793 886 narrationes
823 827 860 885 ab
889 827 950 885 aliis
976 826 1053 885 libris
1080 828 1275 903 integerrimae
1297 847 1371 904 qoa-
1450 842 1451 869 l

225 914 324 988 leoque
348 913 385 971 ab
408 914 470 992 ipsa
488 913 628 973 Herodoti
649 929 734 970 manu
755 910 876 988 scriptae
896 917 962 970 sant
979 913 1147 988 censendae,
1172 912 1370 987 exhibeantur,

226 998 303 1059 baad
338 1016 470 1074 maguam
499 998 553 1056 boc
581 997 609 1054 in
637 1014 742 1072 genere
764 1014 818 1053 nos
844 996 944 1055 iecisse
974 995 1114 1069 jacturam
1143 1015 1194 1073 per
1219 1014 1251 1054 se
1279 1004 1370 1073 patet.

225 1082 312 1143 Talea
341 1083 395 1141 loci
422 1089 490 1142 sont
517 1084 651 1158 (quornm
678 1080 716 1138 ad
744 1097 885 1155 quemque
908 1080 1006 1139 videas
1026 1080 1184 1156 Scbneigb.
1209 1087 1239 1140 et
1259 1081 1368 1158 Gaisf.)

227 1166 248 1227 l.
271 1166 344 1243 (46).
367 1172 410 1227 aa.
432 1173 478 1227 94.
499 1170 535 1228 96
555 1168 763 1242 sqq.91.121.
788 1170 846 1225 sat.
870 1170 929 1225 ldta
951 1168 1003 1224 138
1020 1183 1085 1241 sqq.
1107 1164 1142 1223 ll.
1163 1170 1206 1224 16.

310 1251 438 1313 Transeo
463 1271 536 1310 nuuc
558 1254 594 1309 ad
616 1248 859 1326 interpolationes,
895 1257 925 1308 et
952 1248 1071 1327 primum
1096 1249 1211 1324 qnidam
1237 1251 1277 1308 ad
1306 1268 1366 1324 ω,

185 1348 189 1351 ·
226 1335 330 1411 quibus
356 1342 434 1395 totae
453 1337 610 1394 sententiae
630 1343 728 1393 nostro
749 1333 879 1410 scriptori
898 1333 970 1392 male
1003 1340 1069 1392 sunt
1091 1333 1234 1392 obtrusae.
1269 1334 1367 1394 mvl.

228 1423 265 1478 98
286 1419 398 1495 quidem
420 1419 506 1478 cerba
527 1419 573 1477 illa
594 1411 721 1480 δύναται
746 1414 779 1479 δὲ
796 1414 873 1479 ausui
892 1412 1027 1481 Ἑλλάδα
1045 1420 1183 1498 γλῶσσαν
1209 1436 1300 1495 usque
1326 1421 1368 1479 ad

227 1503 313 1563 verba
328 1498 473 1582 Ἕλληνες
494 1500 630 1565 καλέοιεν
654 1502 700 1563 vel
719 1503 796 1576 idco,
818 1509 906 1580 puto,
938 1502 1142 1581 serapidem,
1165 1521 1218 1579 pro
1244 1503 1367 1563 insiticiis

229 1606 262 1645 ea
284 1587 416 1646 habenda
438 1606 508 1661 esse,
531 1606 643 1647 movere
664 1587 779 1660 debent,
800 1589 881 1663 qood
900 1588 992 1646 alieno
1013 1605 1127 1666 μτοιιιιι
1148 1585 1210 1647 loco
1230 1594 1299 1646 sant
1312 1606 1369 1665 po-

226 1673 288 1729 sita.
334 1671 405 1739 Quis
430 1673 502 1732 enim
524 1678 590 1751 post
611 1680 857 1731 commemoratum
881 1671 949 1731 illud
970 1670 1111 1730 oraculum
1138 1672 1168 1730 iu
1189 1671 1247 1730 fine
1267 1673 1369 1749 capitis

225 1757 397 1833 exspectavit
417 1757 627 1835 expilastiouem
655 1775 752 1816 eornm
778 1757 934 1829 nominum,
962 1774 1081 1832 quornm
1094 1755 1207 1815 mentio
1234 1775 1287 1834 per
1311 1757 1370 1816 boc

226 1847 312 1918 caput
333 1852 376 1900 est
400 1841 496 1901 factat
516 1840 628 1918 Neque,
651 1842 752 1914 credo,
774 1841 920 1918 explicatio
947 1841 1011 1920 ipsa
1038 1842 1076 1898 de
1103 1840 1131 1898 vi
1163 1858 1198 1899 ac
1224 1846 1369 1918 potestate

225 1926 327 1985 boram
349 1928 502 2000 nominum,
524 1933 555 1984 ut
577 1927 704 1986 omittam
729 1945 827 1985 eornm
847 1926 1024 2003 scripturam,
1046 1924 1111 1983 huic
1126 1924 1191 1984 loco
1207 1942 1369 1984 accommo-

225 2013 294 2073 data
315 2015 368 2083 est,
391 2031 478 2089 quum
498 2011 601 2071 nullam
626 2011 654 2071 in
676 2011 814 2088 Prioribus
840 2011 930 2069 verbis
958 2010 1052 2069 inesse
1079 2009 1190 2069 videam
1216 2010 1366 2083 rationem,

226 2115 283 2172 qua
295 2053 470 2174 Herbdotus,
481 2103 512 2156 nt
526 2097 571 2155 λιιι
579 2094 669 2154 talem
679 2094 890 2171 explicationem
900 2094 1029 2173 adderet,
1043 2099 1200 2152 commotos
1213 2095 1265 2166 sit3
1287 2095 1368 2153 deni·

225 2199 282 2255 que
299 2181 373 2256 quis,
394 2199 512 2256 quaeso,
536 2180 587 2237 sibi
604 2178 782 2257 pmsuaserit,
803 2179 841 2239 ab
859 2179 1018 2256 Herodoto,
1040 2178 1150 2236 Graeco
1166 2178 1289 2256 bomine,
1309 2198 1368 2238 nou

165 2268 167 2273 ⁴
225 2265 265 2323 ita
286 2263 375 2321 multo
397 2268 464 2342 post
488 2262 599 2321 Persica
623 2261 696 2320 bella
717 2264 847 2340 florente,
869 2262 938 2322 haee
960 2262 1044 2323 rerba
1064 2262 1194 2341 protecta
1214 2281 1289 2321 esse:
1308 2255 1369 2326 tide

227 2342 267 2409 dv
289 2341 393 2426 ὀρθῶς
413 2343 489 2411 nurci
517 2348 676 2446 plco'ttnoo⁸
684 2341 741 2426 τήν
771 2346 928 2446 σφετέρην
941 2342 1087 2427 Ἕλληνες
1112 2345 1263 2417 καλέοιεν,
1294 2366 1370 2423 qnae

226 2432 317 2508 magis
345 2430 530 2508 glossatorem
555 2430 690 2510 sequioris
718 2432 818 2492 aetatis
846 2432 974 2492 redolent
999 2433 1054 2510 (cf.
1082 2430 1204 2537 Etymol.
1231 2429 1312 2509 Mag.
1338 2455 1370 2512 p

225 2522 289 2592 376,
313 2523 358 2577 bl.
384 2537 407 2575 s
431 2538 457 2578 v.
481 2514 607 2599 ‘Engista
641 2517 780 2597 luterppr.
803 2518 840 2577 ad
863 2516 964 2596 Stepls
987 2517 1057 2595 Bys.
1085 2535 1108 2574 s.
1139 2535 1166 2575 v.
1189 2510 1312 2596 Ἀρτιιῑα
1340 2525 1371 2577 et

226 2559 411 2679 adHesych
434 2622 457 2664 s
481 2622 507 2660 v.
537 2596 696 2683 Ἀρταῖοι),
724 2622 809 2679 quarn
841 2603 981 2662 Herodoti
1009 2602 1134 2660 nativam
1164 2601 1372 2682 simplicitatem
1452 2641 1453 2646 κ

226 2686 378 2746 declarant
427 2686 524 2756 Quare
554 2689 608 2747 ista
634 2694 684 2746 aut
712 2688 796 2765 plane
823 2706 857 2746 ex
887 2687 1052 2746 Herodotea
1079 2686 1207 2746 oratioue
1233 2685 1373 2761 ejicienda

226 2790 287 2842 esse
310 2791 429 2852 censeo,
451 2779 501 2831 aut
527 2771 642 2852 saltem,
670 2772 700 2831 id
730 2771 843 2849 quod
832 2791 892 2847 jam
921 2773 1047 2831 fecerunt
1076 2770 1203 2831 nonnulli
1232 2771 1373 2845 editores,

224 2858 332 2916 uncinis
369 2858 405 2916 nb
433 2858 542 2933 reliqua
568 2857 695 2918 oratione
727 2857 913 2932 segreganda.
967 2856 1075 2915 Caveas
1100 2862 1195 2914 antem
1228 2873 1265 2914 ue
1301 2855 1373 2912 alias

225 2941 289 2999 lruic
313 2941 414 3000 similes
439 2943 605 3000 dictiones
597 2961 661 3020 ipso
684 2941 719 2999 ab
740 2941 890 2999 Herodoto
920 2941 1031 3039 saepius
1056 2946 1205 3017 usurpatas
1232 2939 1374 2998 cumillis

225 3025 318 3082 verbis
344 3025 509 3083 confundas.
553 3023 600 3084 Ne
621 3025 664 3083 cui
687 3026 761 3084 forte
778 3024 938 3105 scrupulum
960 3024 1063 3101 injiciat
1085 3043 1120 3083 ea
1134 3043 1228 3127 res,
1211 3025 1292 3100 quod
1308 3024 1374 3083 He-

225 3108 374 3167 rodoteam
394 3109 624 3168 consuetudinem
650 3109 767 3185 ejusque
794 3110 947 3181 Jonismos,
964 3115 996 3167 ut
1017 3104 1145 3187 οὕνομα,
1169 3103 1294 3188 αρήϊος,
1317 3132 1375 3170 sru-

225 3190 333 3265 ltorev‚
354 3199 412 3251 tam
436 3200 565 3253 accurate
593 3192 747 3253 aemulatus
769 3197 805 3254 sit
829 3153 1031 3274 interpolatam
1058 3195 1137 3292 quod
1158 3194 1184 3252 ei
1210 3196 1375 3252 necessario

225 3276 384 3335 faciendum
405 3284 475 3352 erat,
495 3279 554 3337 sive
572 3278 675 3355 ingenii
667 3277 836 3339 exercendi
854 3297 948 3352 cansa,
972 3278 1039 3351 sive,
1062 3278 1086 3337 si
1106 3277 1256 3339 lectoribus
1276 3279 1376 3338 fraudi

225 3379 288 3420 esse
307 3362 406 3440 voluit,
428 3371 462 3422 ut
485 3363 613 3424 fraudem
641 3382 725 3440 quam
757 3361 970 3423 occultissimam
995 3363 1135 3422 redderet
1185 3360 1268 3430 Quae
1295 3363 1373 3420 ratio

128 3491 132 3501 e
224 3454 254 3519 et
275 3448 312 3506 d'e
333 3446 422 3507 altero
444 3446 517 3507 male
538 3447 676 3507 inculcato
696 3448 761 3508 loco
776 3447 842 3525 (Vl.
870 3450 935 3522 122)
956 3447 1076 3506 aterbis
1095 3447 1232 3508 Καλλίεω
1250 3442 1284 3508 dl
1299 3440 1375 3508 rori·

225 3554 279 3594 ron
290 3543 390 3609 osque
415 3534 452 3593 ad
481 3533 565 3592 verba
594 3531 687 3595 ἔδωκε
715 3533 813 3615 τούτῳ
845 3537 886 3592 roi
915 3526 1005 3610 α’νιλρλ
1033 3530 1117 3590 valet
1160 3528 1235 3588 Nam
1261 3530 1375 3589 initium

224 3617 319 3673 statim
341 3618 422 3692 liujus
455 3638 486 3676 ca
509 3620 553 3677 itis
583 3619 719 3679 Καλλίεω
751 3596 800 3677 di
809 3595 918 3678 τούτου
947 3613 1035 3689 ἄξιον
1062 3618 1215 3693 πολλαχοῦ
1241 3609 1375 3693 μνήμην

225 3696 499 3761 insimulatorem
527 3701 656 3782 tzor,
649 3722 693 3780 ips
680 3722 712 3759 so
742 3702 875 3758 orationis
903 3699 996 3759 colore
1022 3700 1132 3775 arguit,
1154 3717 1240 3774 quam
1265 3700 1376 3776 cupide

225 3783 374 3859 arripuerit
397 3785 579 3861 interpolator
601 3790 775 3845 occasionem
797 3786 833 3844 de
857 3784 946 3842 Callia
967 3802 1001 3842 ea
1025 3785 1193 3862 exponendi,
1217 3784 1376 3859 quaejam

226 3869 335 3928 dudum
354 3867 383 3923 in
409 3865 502 3925 animo
523 3868 644 3928 habebut
665 3889 836 3949 expromere
879 3869 1042 3943 Praeterea,
1076 3874 1109 3927 ut
1130 3869 1272 3939 omittam,
1294 3883 1376 3944 quac

224 3955 283 4029 jam
305 3952 375 4009 alios
396 3950 439 4009 bis
459 3952 489 4009 in
509 3953 604 4011 ambis
623 3954 816 4034 offendemnt,
836 3955 915 4012 nimis
941 3971 1039 4033 pressa
1059 3959 1103 4011 est
1126 3959 1188 4010 tota
1214 3952 1274 4027 ejus
1303 3970 1376 4010 ora·

145 4032 154 4048 ⁸
227 4037 284 4112 tio,
305 4043 420 4112 temque
446 4036 635 4113 perfunctorie
659 4057 718 4097 rem
744 4040 814 4114 agit,
841 4046 872 4098 ut
893 4038 1075 4097 Herodoteae
1096 4036 1251 4095 affabilitati
1273 4042 1303 4094 et
1319 4054 1376 4094 exh

226 4123 351 4197 ponendi
379 4121 478 4199 copiae
500 4137 618 4199 prorsus
635 4124 792 4180 contrarios
814 4122 857 4179 sit.
901 4120 1005 4199 Neque
1030 4129 1098 4179 vero
1127 4123 1211 4179 etiam
1237 4120 1375 4180 omnibus
1420 4125 1425 4144 ⁸

226 4203 351 4260 inlibris
375 4203 445 4263 Mas.
460 4205 616 4277 biclocns,
643 4206 777 4263 orationis
801 4207 882 4263 nexui
903 4207 1015 4265 minime
1034 4206 1272 4276 accommodatus,
1289 4204 1376 4263 inve

228 4287 324 4355 nitur,
349 4287 427 4346 abest
453 4290 525 4347 enim
548 4305 564 4347 u
585 4288 725 4361 Medioeo,
748 4288 910 4348 Florentino
935 4296 963 4348 et
985 4288 1072 4348 tribus
1092 4288 1152 4349 abis
1176 4287 1273 4350 Codd.
