2942 4900
240 233 283 299 ’λθ
563 223 608 284 De
632 222 752 282 dialecto
765 222 931 282 Herodolea
954 212 1046 279 lust.

243 409 334 488 γυαῖα
357 407 387 460 et
410 398 561 475 πηχυαῖον
584 393 748 471 reponenda
778 410 858 468 esse,
886 408 921 448 eo
949 391 1051 448 certius
1081 404 1145 446 esse
1169 385 1296 462 ridetur,
1323 404 1385 461 qno

245 490 335 565 magis
352 491 451 544 contra
470 478 653 538 vetustiorum
673 494 754 534 usum
774 476 1005 551 Theophrastum
1028 475 1233 550 διπηγυιαῖος,
1254 470 1385 530 Tzetzeu

244 567 591 651 πεννιγκονταπιγχυιαῖος
612 577 764 639 usurpasse
784 566 912 632 coustat3
935 560 999 616 ride
1021 555 1094 615 Lob.
1116 555 1136 617 l.
1164 555 1183 614 l.

332 692 354 754 l
379 695 414 753 36
435 685 474 751 τύ
497 692 558 751 τῶν
586 690 707 747 Μυοοδν
736 685 808 766 ἔργα
831 685 920 760 vulg..
946 684 998 743 sed
1028 683 1091 742 eod
1119 682 1148 743 d.
1179 681 1323 741 Μυοίων.
1349 713 1382 724 -

249 784 309 844 19³.
326 777 359 842 οί
377 773 504 840 δλυνδυι
523 772 610 850 vulp,
632 765 778 833 ὀλύνθιοι
809 771 839 829 d.
867 770 891 833 1.
917 776 953 829 24
976 768 1126 829 ἑδωλίοισι
1144 767 1229 840 (vide
1256 766 1337 824 Suid.
1364 785 1386 823 s.

250 868 304 941 π),
334 856 472 926 ίδύλοιοι
499 858 537 918 Μ.
564 864 594 915 et
616 855 662 930 R,
683 856 735 914 sed
756 857 784 913 in
810 855 865 913 hoc
891 854 1109 934 superscriptum
1135 858 1178 910 est
1198 851 1298 911 λίοισι.
1325 848 1387 908 Vll

249 955 287 1011 28
306 946 480 1031 γιωπεδίων
502 942 533 1002 Ρ.
555 940 590 1000 V.
615 940 652 999 K
673 939 707 999 F.
725 959 752 999 a.
778 939 805 998 b.
829 940 916 998 ueta.
939 938 974 998 al.
1002 945 1031 997 et
1060 942 1148 1011 reete,
1174 934 1335 1016 γεωπέδων
1356 934 1387 992 S.

252 1025 409 1116 γοοπύδων
434 1028 500 1090 edd.
524 1032 593 1086 vett.

338 1156 361 1217 I.
392 1158 428 1217 ‘lh
461 1151 552 1216 ίνδεν
585 1146 640 1228 μίν
663 1148 796 1229 Συρίους
825 1142 1029 1221 Καππαδόκας
1060 1140 1182 1225 οίπίργει
1209 1164 1308 1204 omnes
1328 1144 1389 1202 libri

254 1248 365 1323 praeter
396 1239 460 1298 eod.
493 1256 528 1313 e,
564 1235 612 1310 qui
643 1234 715 1292 salso
740 1228 863 1310 Σύρους
886 1234 1011 1311 praebet.
1057 1233 1169 1290 Etenim
1200 1232 1249 1306 qui
1272 1232 1311 1287 ad
1336 1232 1389 1287 flu·

256 1328 316 1386 aios
337 1323 443 1401 Halyn,
469 1320 658 1387 Parthenium,
678 1318 921 1377 Thermodontem
942 1317 1099 1375 habitantes
1126 1336 1144 1375 a
1166 1316 1291 1374 barbaris
1313 1314 1389 1392 Cap-

256 1410 381 1490 padoces
400 1404 534 1485 appellati
555 1409 631 1473 sunt,
647 1420 697 1459 eos
718 1402 820 1460 Graeci
842 1399 951 1481 Σύριοι
972 1403 1164 1476 nominabant,
1188 1400 1228 1458 sio
1244 1397 1388 1457 Herodi

257 1497 293 1554 λλ
329 1490 361 1552 ol
395 1488 428 1552 δί
460 1482 664 1549 Καππαδόκαι
695 1483 757 1548 rino*
783 1483 937 1565 Ἑλλήνων
963 1482 1074 1564 Σύριοι
1108 1480 1321 1564 ὀνομάζονται,
1362 1489 1391 1540 et

259 1576 353 1658 paullo
375 1579 454 1653 post:
476 1564 557 1652 olous
577 1567 610 1632 δί
631 1569 664 1632 oi
684 1565 793 1648 Σύριοι
814 1563 907 1633 ούτοι.
936 1571 959 1628 Ι.
985 1574 1021 1631 76
1045 1574 1106 1631 ταῖν
1123 1572 1246 1649 Συρίων
1262 1575 1291 1626 et
1304 1568 1391 1647 Συρί-

261 1683 316 1735 ους
341 1666 418 1718 reete
439 1662 483 1716 est
504 1656 619 1716 editum.
661 1652 695 1714 ll.
719 1661 772 1715 104
789 1652 899 1735 Σύριοι
924 1652 957 1716 δὲ
983 1656 1015 1717 οἱ
1034 1656 1102 1735 περὶ
1120 1649 1325 1736 Θερμώδοντα
1343 1651 1392 1713 καί

262 1741 442 1826 Παρδίνιον
465 1733 611 1820 ποταμόν.
645 1737 692 1801 lll.
711 1743 747 1799 90
769 1734 985 1822 Παφλαγόνων
1007 1740 1058 1801 καί
1084 1740 1317 1819 Μαριανδυνῶν
1344 1735 1393 1796 καί

261 1827 383 1911 Συρίων
393 1826 468 1902 vulg.
481 1818 662 1905 (Ἀσσυρίων
674 1824 701 1883 b.
713 1826 767 1896 (1.).
779 1859 821 1870 -
838 1826 902 1886 Vll.
920 1830 955 1884 63
972 1817 1057 1886 οὗτοι
1081 1821 1144 1886 ύπδ
1168 1821 1222 1901 μὲν
1243 1818 1394 1901 Ἑλλήνων

263 1910 420 1978 ίιιαλίοντο
431 1907 549 1991 Σύριοι,
565 1906 627 1974 duo*
640 1906 672 1970 δδ
690 1915 750 1970 των
765 1904 930 1991 βαρβάρων
940 1903 1151 1988 Ἀσσύριοα-
1163 1910 1198 1967 V.
1214 1913 1250 1967 49
1268 1911 1395 1985 Φρυγῶν

263 1996 383 2078 ίγονααι
407 1991 619 2067 Καππαδόκαι,
639 1990 711 2067 τούς
730 1994 818 2074 ἡμεῖς
835 1996 967 2073 Συρίους
987 1996 1165 2071 (συνορίους
1180 1993 1228 2070 δ’.)
1244 1991 1395 2070 καλέομεν.

264 2083 362 2153 Quare
377 2081 452 2140 haud
470 2079 556 2140 dubie
565 2077 628 2138 Vll.
648 2082 683 2137 72
704 2099 758 2157 pro
774 2080 889 2155 irrigato
905 2075 1002 2154 Σύροι
1020 2079 1067 2156 (ol
1079 2076 1112 2139 δὲ
1129 2074 1227 2159 Σύροι
1238 2071 1321 2139 οὗτοι
1336 2072 1395 2137 rino*

266 2163 411 2243 Περαίων
424 2157 627 2226 Καππαδόκαι
638 2160 806 2240 καλίονιαι)
824 2164 1031 2223 rescribendum
1046 2171 1089 2223 est
1107 2160 1233 2242 Σύριοι,
1254 2170 1284 2220 et
1299 2163 1397 2220 eodem

265 2250 356 2329 eapite
365 2246 459 2327 paullo
469 2253 535 2324 post
546 2266 598 2323 pro
613 2243 983 2326 Σύρωκ(Μαριανδυυῶν
998 2248 1049 2308 καί
1065 2244 1191 2329 Λιγύων
1207 2246 1259 2308 καὶ
1280 2242 1397 2325 Σύρων)

264 2330 458 2413 reponendum
469 2331 604 2411 Συρίων,
616 2336 645 2388 ολ
656 2332 734 2407 quod
746 2334 846 2392 eodem
863 2333 954 2412 capite
967 2334 1062 2412 paullo
1081 2352 1166 2412 supra
1178 2334 1237 2409 jam
1254 2332 1319 2390 olim
1340 2331 1398 2388 edi·

266 2425 327 2477 tum
349 2419 410 2475 ersi
434 2407 552 2495 Σύριοι,
569 2421 613 2473 est
639 2415 841 2475 restituendum
866 2424 965 2476 contra
986 2420 1180 2478 auctoritatem
1209 2417 1337 2477 codicum
1359 2412 1397 2475 Μ.

266 2498 299 2562 P.
322 2501 354 2559 S.
375 2497 408 2559 V.
433 2498 467 2559 F.
494 2499 580 2559 Paris.
608 2492 705 2580 Σύροι
734 2503 941 2580 praebentium
966 2522 1136 2581 quamquam
1164 2503 1248 2562 etiam
1276 2502 1302 2560 Ι.
1330 2505 1347 2560 6
1373 2501 1399 2558 iu

268 2582 384 2661 vulgata
405 2577 516 2665 Σύρων
537 2582 664 2663 (Σύρων
688 2585 740 2648 καί
771 2583 997 2667 Παφλαγόνων)
1029 2608 1124 2647 omnes
1157 2587 1219 2646 libri
1248 2585 1400 2645 consentire

268 2669 415 2743 ridentur,
436 2670 485 2729 sed
504 2671 741 2749 persuasissimum
763 2673 828 2731 mihi
850 2681 904 2748 est,
917 2677 1039 2751 Συρίων
1055 2675 1091 2730 ibi
1114 2672 1202 2729 solam
1223 2691 1285 2730 esse
1306 2671 1400 2748 genui·

269 2771 334 2815 uum
355 2754 528 2833 scripturam,
553 2754 740 2832 vulgataeque
760 2758 999 2835 substituendam,
1027 2778 1119 2835 neque
1147 2758 1315 2814 Strabonem
1340 2753 1401 2830 llll,

271 2859 298 2919 p.
320 2842 372 2899 819
395 2838 486 2919 (ott),
509 2837 687 2899 Eustathium
705 2842 742 2899 ad
764 2842 798 2899 D.
823 2842 853 2899 P.
875 2863 915 2901 vs.
941 2847 994 2901 tat
1015 2841 1090 2920 (coll.
1120 2843 1158 2901 ad
1184 2861 1224 2900 rs.
1251 2845 1318 2908 772.
1344 2843 1402 2910 775,

271 2926 333 2993 tut,
355 2926 431 2997 846),
455 2923 621 2981 scholiasten
640 2925 734 3002 Apoll.
757 2925 811 2982 Ru.
835 2926 870 2995 lt,
888 2928 939 2984 947
965 2922 1029 2998 (τὸν
1042 2924 1140 2992 ’Ἅλυν
1150 2922 1285 3000 ποταμὸν
1296 2919 1402 3004 μεταξύ

272 2998 383 3081 Σύρων
406 3003 468 3083 [sic]
490 3005 538 3065 καί
564 3001 779 3088 Παφλαγόνων
801 3009 910 3084 §lousa
930 3011 1026 3087 φησίν
1048 3013 1091 3084 εἰς
1105 3008 1157 3071 τόυ
1173 3008 1318 3084 Εὔξεινον
1329 3009 1404 3071 ludr-

273 3081 361 3147 δύναι
386 3083 523 3165 πόντον),
544 3089 592 3163 qui
613 3089 665 3147 bos
692 3085 813 3171 Σύρους
834 3095 1065 3171 nominaverunt,
1088 3096 1243 3172 quidquam
1271 3095 1308 3153 ad
1336 3095 1405 3152 bane
1455 3087 1456 3156 Ῐ

273 3186 362 3227 susam
380 3172 546 3229 sententium
567 3173 790 3249 redarguendam
811 3176 913 3250 valere,
936 3197 1022 3254 quum
1038 3181 1065 3238 bi
1082 3182 1184 3259 partim
1198 3199 1278 3237 suam
1300 3180 1406 3237 dicendi
1455 3172 1456 3262 l

274 3253 503 3349 oposuetudiuem
524 3257 634 3333 sequuti
657 3258 721 3330 sint,
744 3261 844 3337 partim
864 3261 923 3337 jam
951 3264 1052 3322 vitiosa
1077 3266 1241 3322 Herodotea
1269 3263 1406 3341 exempla·
1455 3265 1456 3306 l

274 3352 316 3395 rra
346 3334 530 3399 adhibuerint.
581 3338 620 3400 Et
646 3342 750 3402 Strabo
771 3346 900 3427 quidem,
928 3349 974 3424 qui
996 3367 1030 3407 ex
1051 3350 1173 3407 editione
1196 3349 1407 3407 Casauboniana
1455 3309 1456 3386 ί

275 3436 371 3519 omues
392 3418 452 3478 illus
465 3430 561 3497 gentes
578 3428 715 3487 communi
728 3431 938 3508 comprehendit
955 3434 1141 3512 appellatione
1156 3431 1266 3510 Σύρων
1272 3459 1282 3509 3
1292 3466 1335 3477 -
1345 3451 1407 3490 nam

276 3502 324 3581 qul
346 3502 407 3563 lrbr.
431 3504 504 3564 xlv.
528 3527 558 3587 p.
579 3514 631 3570 669
649 3509 682 3570 A.
706 3515 886 3574 nominantur
905 3512 1014 3597 Σύριοι
1038 3513 1118 3597 (οὐδ’
1141 3518 1174 3579 ol
1186 3513 1297 3594 Σύριοι
1315 3513 1347 3579 di
1360 3517 1408 3586 ωί·
1453 3572 1455 3591 p

276 3591 336 3649 λιοι
360 3579 440 3667 ἦσαν
463 3582 590 3671 αύιοῑς),
609 3594 646 3669 λιῐ,
671 3597 693 3655 si
715 3598 762 3657 illa
784 3600 921 3678 scriptura
951 3610 1026 3661 esset
1053 3602 1193 3680 genuina,
1223 3604 1288 3680 Spei
1305 3601 1408 3660 insulae

275 3670 382 3733 lunulae
407 3681 516 3751 essent,
537 3678 587 3735 sed
615 3680 702 3741 multo
730 3690 855 3761 praestat
884 3686 1003 3746 aliomm
1033 3690 1160 3747 codicum
1183 3690 1322 3767 scriptura
1346 3677 1408 3748 οὐδ’
1454 3692 1455 3713 ¹

279 3754 312 3821 υί
330 3752 614 3833 'Polum-Strabo
639 3763 738 3843 igitur,
768 3768 869 3845 aliique
897 3771 973 3844 multi
994 3772 1165 3832 Graecorum
1181 3774 1347 3849 scriptores,
1363 3770 1407 3846 qui

278 3846 328 3903 sut
349 3860 406 3903 nou
428 3843 612 3906 distinxerunt
633 3849 705 3908 inter
730 3855 819 3913 varias
841 3856 1054 3933 appellatioud,
1080 3862 1140 3930 aut,
1167 3858 1190 3914 si
1215 3858 1407 3926 distinxerunt,

279 3927 309 3987 ld
328 3944 380 3987 suo
402 3945 436 3987 ex
458 3927 572 3987 arbitrio
592 3935 735 4010 modoque
755 3937 880 3997 lecerunt
906 3939 1003 4017 (veluti
1020 3941 1137 4021 Dionys.
1159 3941 1265 4018 Perieg.
1287 3960 1329 4001 vs.
1350 3944 1408 4010 904,

280 4009 328 4071 ubl
351 4012 415 4072 vide
436 4012 601 4086 Bernhard,
626 4016 739 4097 Joseph.
764 4019 879 4098 Autiqq.
904 4024 983 4101 vlu,
1006 4032 1081 4084 1031.
1105 4034 1155 4085 etr.
1180 4025 1284 4107 Apion.
1314 4024 1342 4103 l,
1368 4029 1409 4083 tl.

280 4092 429 4157 Airlcauus
450 4097 527 4174 apud
549 4097 652 4159 Euseb.
675 4101 776 4181 Praep.
794 4106 832 4178 Χ,
856 4114 899 4178 10,
921 4128 949 4186 p.
967 4109 1044 4186 490),
1061 4128 1114 4167 nos
1141 4128 1198 4167 non
1222 4109 1340 4168 multum
1361 4109 1410 4166 ad·
1453 4168 1454 4175 ρ

280 4175 437 4251 invented
460 4182 652 4243 Herodoteam
675 4189 826 4263 genuinam
847 4191 1011 4269 scripturam
1033 4194 1185 4251 eruendam
1192 4214 1202 4266 3
1224 4212 1319 4269 „eque
1332 4193 1410 4251 etim
1453 4183 1454 4203 ι

283 4257 421 4323 anuuit
443 4269 632 4329 commentarii
662 4270 700 4329 ad
722 4271 759 4331 D.
771 4272 894 4351 Periegq
915 4276 1044 4352 quamvis
1065 4276 1153 4336 multa
1173 4277 1226 4336 hae
1248 4279 1286 4336 de
1306 4295 1338 4336 re
1357 4275 1411 4337 ool·

591 4574 1118 4849 am
