2942 4900
869 193 962 255 De
1001 195 1249 256 dialecto
1290 197 1625 259 Herodotea
1646 197 1758 264 elib.
1805 199 1910 261 lu.
2394 201 2521 270 277

237 369 366 425 168.
405 369 529 424 141.
570 367 662 423 98.
700 361 800 421 VI.
834 367 924 424 57.
967 398 1054 408 -
1097 363 1408 445 ἐπίκτητος
1449 365 1526 425 Π.
1567 373 1619 425 5.
1666 372 1753 427 10.
1787 367 1893 426 III.
1935 373 1988 428 3.
2040 403 2111 414 -
2162 373 2520 455 περίρρυτος

233 449 336 507 IV.
371 453 467 508 42.
509 453 579 507 45
615 448 725 504 bis.
768 441 1153 528 άμφίρρυτος
1187 447 1284 514 lv.
1330 455 1454 510 163.
1496 455 1616 516 164.
1638 482 1723 494 --
1759 447 2046 532 ἄχρηστοι
2083 452 2269 534 (νέες)
2302 457 2347 516 I.
2397 466 2517 524 166.
2637 529 2638 535 χ

235 527 532 610 αόίκητος
574 525 844 610 (Λιβύη)
882 531 956 590 ΙΙ.
993 539 1081 594 34.
1126 527 1541 613 ἀναμάξευτος
1581 535 1942 615 (Αἴγυπτος)
1978 537 2056 598 11.
2100 545 2326 599 108.--·
2368 537 2521 620 άνή-

233 635 452 689 κεστος
490 613 598 673 lll.
643 621 770 680 154.
812 616 908 675 VI.
954 624 1067 677 12.-
1111 614 1298 700 ὕβριν
1342 613 1457 682 οὑκ
1499 612 1832 699 άνάσχετον
1866 621 1970 681 ῙΠ.
2017 625 2137 682 127.
2222 623 2518 704 διαβατόν

235 701 494 780 (νῆσον)
555 700 654 763 IV.
698 704 802 758 195
828 697 912 777 *).
1000 696 1427 785 ἀναμάρτητον
1491 703 1807 784 (γυναῖκα)
1876 706 1943 764 V.
1983 711 2069 773 39,
2108 731 2235 790 -.—¹-·.
2262 705 2519 788 ἄρρητοι

239 786 549 865 ἱρουργίαι
588 784 660 842 V.
692 789 781 847 83.
823 815 910 828 --
946 778 1309 866 άπόρθητον
1350 784 1611 868 (Θάσον)
1650 788 1745 846 VI.
1788 796 1880 850 28.
1951 783 2241 868 οἷκίνητον
2288 791 2515 856 ἐοῦσαν

230 870 332 933 VI.
363 875 455 930 98.
475 863 770 930 άδὺνατοι
812 871 883 932 αἱ
916 870 1051 944 νέες
1092 872 1187 930 VI.
1218 878 1303 935 16.
1355 893 1458 930 -9
1490 870 1804 950 ἄψαυστος
1838 870 1913 954 (ἦ
1933 869 2307 955 μελιτόεσσα)
2349 878 2511 937 vlu.

229 961 328 1014 41.
368 949 485 1033 τήν
523 949 880 1029 οἶφὺλακτον
925 955 1079 1013 VIII.
1126 959 1212 1015 70.
1252 989 1340 1002 —-
1374 956 1641 1035 ἔμφυτον
1681 955 1976 1036 μαντικήν
2016 958 2118 1020 ΙΧ.
2166 965 2253 1020 94.
2297 958 2510 1042 φθορὴ

235 1071 324 1082 --
357 1032 666 1116 θεήλατος
698 1036 828 1095 Vll.
880 1043 964 1097 18.
1027 1039 1392 1118 ἐπίλαμπτος
1434 1037 1801 1119 οἷφάσσουσα
1845 1042 2008 1103 ἔσται
2052 1043 2149 1101 lII.
2192 1049 2279 1103 69.
2326 1039 2509 1126 etissoe'i·

236 1143 497 1185 στακτον
541 1116 874 1202 (μηχανήν)
915 1121 991 1181 Π.
1031 1131 1152 1187 125.
1196 1122 1601 1203 (πολύευκτον
1644 1127 1749 1204 ἴην
1789 1126 1980 1190 Otacl.
2021 1125 2067 1198 Ι,
2088 1126 2210 1206 85.)
2245 1159 2329 1174 -—·
2354 1152 2509 1210 νηυ-

233 1207 556 1286 σιπέρητος
601 1204 674 1284 (ἦ
717 1207 1006 1288 μεγίστη)
1033 1207 1078 1266 I.
1116 1212 1256 1281 1933
1326 1211 1612 1277 unde-vel
1650 1229 1755 1268 sna
1802 1215 2011 1289 sponte
2064 1219 2340 1290 apparet,
2399 1215 2507 1274 sub

230 1311 352 1350 uno
388 1299 628 1350 accentu
666 1290 777 1349 hoc
825 1293 1197 1369 compositum
1231 1295 1826 1372 comprehendendum
1872 1314 1999 1352 esse
2019 1333 2039 1368 ,
2080 1314 2303 1372 neque,
2350 1300 2506 1375 quod

233 1376 412 1451 vulgo
460 1376 559 1450 fit,
626 1373 808 1453 νηυσὶ
851 1372 1109 1454 περητός
1153 1378 1536 1437 scribendum.
1577 1409 1653 1423 —
1721 1373 2251 1456 περιλεσχήνευτος
2289 1376 2507 1462 (Ἀρχι-

235 1459 414 1537 δίκη)
453 1458 529 1517 11.
552 1465 676 1518 135.
716 1461 1131 1540 χειροποίητος
1170 1458 1410 1543 (λίμνη)
1457 1463 1533 1520 11.
1561 1468 1686 1526 149.
1732 1457 2142 1542 ἀναρίθμητοι
2184 1460 2505 1545 (χιλιάδες)

231 1543 308 1605 Π.
362 1549 483 1602 134.
545 1541 646 1604 ἐπὶ
697 1540 1024 1623 συμφορήν
1064 1540 1433 1625 άνεθέλητον
1476 1546 1602 1605 VII.
1640 1551 1729 1606 88.
1801 1545 2061 1619 ἔπακτος
2102 1541 2343 1626 (άρετή)
2378 1550 2508 1609 VII.

227 1634 356 1687 102.
396 1627 472 1685 cf.
513 1627 664 1688 Lob.
707 1627 800 1705 Aj.
836 1648 922 1686 vs·
963 1635 1120 1691 1296.
1194 1630 1486 1710 Paralipp.
1531 1630 1611 1704 11,
1646 1651 1707 1708 p.
1747 1633 1854 1689 478
1892 1650 1983 1707 sq.
2023 1662 2096 1674 —
2158 1633 2280 1690 Sed
2319 1633 2391 1691 V.
2439 1639 2509 1693 16

224 1710 467 1787 vulgata
507 1717 642 1769 eunt
679 1707 884 1794 θὺρης
917 1717 1303 1793 καταπακτῆς
1336 1722 1398 1773 et
1437 1709 1655 1796 θὺρην
1693 1710 2111 1793 καταπακτήν,
2173 1715 2369 1774 ultima
2407 1735 2505 1776 ac·

221 1795 400 1863 centu
437 1795 727 1872 insignita.
2374 1822 2381 1830 ·

397 1879 787 1957 comparativi
830 1884 893 1937 et
929 1881 1261 1958 superlativi
1295 1881 1506 1958 ubique
1545 1880 1704 1958 apud
1743 1884 2007 1939 nostrum
2040 1899 2145 1958 per
2165 1881 2274 1939 tria
2294 1900 2510 1958 genera

220 1969 572 2034 moventur3
627 1981 756 2021 nam
809 1965 964 2040 quod
1009 1962 1080 2027 II.
1126 1971 1194 2024 12
1231 1966 1362 2023 cod.
1415 1965 1472 2024 b.
1521 1964 1788 2042 praebuit
1826 1967 1943 2045 γῆν
1978 1959 2506 2047 ὑποψαμμότερον

226 2050 345 2126 pr'o
382 2047 592 2124 vulgat.
616 2045 1174 2129 ὑποψαμμοτέρην,
1215 2050 1277 2106 id
1310 2069 1420 2127 pro
1456 2049 1705 2125 genuino
1727 2047 1940 2106 habere
1980 2068 2151 2128 spero
2174 2049 2234 2107 in
2255 2058 2505 2111 mentem

223 2137 530 2190 venturum
565 2151 697 2191 esse
735 2131 903 2191 facile
946 2134 1174 2197 nemini,

254 2235 258 2246 ·
380 2214 470 2278 -In
524 2214 794 2291 gradibus
852 2217 1293 2296 comparationis
1328 2216 1644 2274 formandis
1678 2216 1800 2292 jam
1844 2235 2022 2294 supra
2065 2217 2139 2274 de
2182 2217 2329 2276 male
2369 2238 2503 2296 per-

227 2300 463 2359 mutatis
508 2299 710 2358 litteris
754 2299 787 2363 δ
832 2307 891 2360 et
937 2302 983 2365 ὦ
1020 2308 1107 2360 est
1149 2302 1360 2359 dietum
1403 2301 1497 2379 (ut
1540 2293 1901 2379 ὁμοιότατοι
1939 2301 2153 2359 codicis
2180 2301 2245 2359 S.
2289 2301 2385 2359 lv.
2402 2308 2503 2364 192

224 2403 338 2462 pro
384 2378 723 2463 ὁμοιότατοι
769 2385 844 2450 al.
882 2405 994 2463 qua
1036 2387 1092 2443 in
1138 2405 1200 2443 re
1242 2385 1409 2443 simul
1451 2385 2012 2460 animadvertendum
2068 2390 2159 2443 est
2198 2387 2370 2465 apud'
2398 2406 2504 2446 no-

225 2475 408 2527 strum
434 2476 646 2528 mutam
673 2490 797 2529 cum
821 2471 1035 2548 liquida
1061 2490 1287 2548 semper
1310 2470 1620 2545 legitimam
1658 2471 1921 2529 effecisse
1944 2472 2305 2547 positionem,
2342 2473 2502 2532 ideo·

227 2570 346 2628 que
385 2553 544 2613 illum
567 2574 797 2634 semper
844 2556 1060 2614 dixisse
1100 2547 1451 2634 μακρᾶτερα,
1487 2548 1837 2636 λαβροτάτῳ
1878 2552 1925 2611 1.
1941 2557 2029 2612 87.
2099 2552 2503 2636 ἐρυθροτέρην

227 2635 305 2693 Π.
352 2643 420 2698 12
480 2638 584 2716 al.)
645 2644 702 2697 et
741 2641 814 2698 de
853 2640 1063 2698 vitioso
1104 2634 1429 2700 ὑετώτατοι
1494 2635 1705 2716 ἄνεμοι
1743 2637 1819 2695 ΙΙ.
1858 2644 1929 2697 25
1986 2656 2094 2714 pto
2154 2633 2504 2703 ὑετιώτατοι

55 2720 74 2730 '
123 2735 135 2743 “
228 2719 337 2797 (cf.
377 2743 437 2800 p.
479 2726 544 2782 77
567 2744 657 2801 sq.
693 2723 813 2802 68.)
855 2726 1012 2800 quod
1052 2742 1195 2781 nona
1209 2724 1647 2800 comparandum
1689 2726 1779 2779 est
1818 2740 1944 2777 cum
1986 2715 2335 2799 δουλότερος
2374 2724 2501 2782 VII.

229 2808 288 2863 7.
334 2806 434 2882 (ef.
474 2807 635 2866 Butt.
680 2827 770 2883 gr.
814 2828 902 2887 gr.
946 2810 992 2881 1,
1038 2828 1096 2885 p.
1137 2806 1270 2884 273)
1306 2825 1425 2864 non
1468 2826 1596 2866 eum
1636 2799 2067 2886 ὑβριστότερον
2112 2803 2213 2867 111.
2254 2810 2342 2866 81.
2386 2805 2501 2885 (sic

223 2908 380 2949 nunc
417 2891 571 2966 vulg.
614 2911 740 2949 eum
779 2891 860 2956 Μ.
889 2893 954 2955 S.
985 2892 1049 2950 P.
1086 2892 1164 2951 K.
1199 2889 1344 2951 Lex.
1387 2892 1633 2969 Seguer.
1678 2896 1818 2965 115,
1864 2895 1948 2948 15.
1992 2884 2499 2974 ὑβριστικώτερον

228 2973 365 3035 ΑΜ.
403 2975 469 3031 V.
505 2976 576 3034 F.
618 2974 836 3054 Paris.)

276 3090 281 3096 ·
398 3057 705 3121 Praeterea
742 3060 1024 3138 adjectiva
1066 3059 1126 3117 in
1171 3055 1247 3133 ὶῖ
1279 3079 1393 3118 non
1439 3058 1625 3118 solum
1677 3058 1738 3117 in
1778 3058 2051 3139 αίτερος,
2112 3057 2351 3134 αίτατος
2404 3056 2500 3143 (ut
2530 3108 2542 3119 .

225 3144 585 3221 μεσαίτατον
624 3144 721 3206 lv.
770 3144 895 3223 17)'
928 3145 1142 3220 gradus
1196 3145 1640 3223 comparationis
1697 3144 1985 3219 formant,
2045 3145 2154 3202 aed
2212 3146 2383 3205 etiam
2439 3147 2498 3205 iu

223 3225 485 3308 ἑστερος,
527 3227 789 3304 έοτατος,
832 3249 980 3306 quae
1017 3229 1285 3288 formatio
1327 3230 1603 3307 imprimis
1646 3228 1880 3287 Ionibus
1922 3230 2157 3305 propria
2184 3229 2368 3289 fuisse
2410 3231 2502 3288 di-

226 3312 420 3382 eitun
484 3319 542 3370 et
583 3317 663 3372 sie
698 3320 899 3372 noster
941 3313 1080 3372 dixit
1123 3312 1597 3393 σπουδαιέστερα
1632 3314 1681 3376 Ι.
1712 3316 1750 3371 8
1785 3312 1994 3387 vulgat.
2055 3311 2502 3393 σπουδαιότερα

226 3394 304 3453 A„
348 3396 418 3465 Β.
473 3395 547 3457 R.
606 3396 1044 3479 σπουδεὲστερα
1083 3399 1146 3458 8.
1199 3430 1285 3441 —-
1371 3398 1418 3455 1.
1465 3404 1573 3458 133
1616 3394 2083 3457 σπουδαιέστατα
2144 3416 2306 3455 nune.
2343 3399 2497 3472 vulg.

90 3532 105 3538 ,
225 3499 356 3538 eum
401 3482 479 3541 Μ.
507 3483 598 3540 Κ.
643 3483 715 3544 1³¹.
788 3475 1233 3546 σπουδαιότατα
1276 3499 1330 3539 a.
1371 3502 1422 3539 c.
1467 3481 1677 3539 Athen.
1716 3479 1819 3554 lv,
1856 3499 1915 3555 p.
1956 3482 2074 3536 144.
2148 3480 2266 3536 Sed
2299 3498 2498 3539 omnes

227 3561 717 3647 σπουδαιοτάτην
761 3574 822 3627 et
865 3560 1306 3629 σπουδαιότατα
1335 3565 1409 3624 11.
1446 3571 1524 3626 ’86
1558 3584 1685 3623 cum
1730 3562 2084 3637 Athenagor.
2129 3563 2340 3643 πρεσβ.
2361 3584 2434 3625 πε
2477 3563 2499 3625 ὶ

237 3652 440 3728 Χριστ.
483 3673 541 3729 p.
579 3658 670 3715 36.
705 3685 790 3697 --
836 3645 1298 3731 άμορφε-στάτην
1341 3650 1386 3712 1.
1435 3655 1538 3710 196
1575 3653 1731 3707 recte
1774 3665 1923 3704 nune
1961 3645 2119 3722 vulg.
2165 3667 2291 3706 cum
2312 3586 2495 3715 MA}

223 3734 288 3793 S.
331 3736 402 3800 F.
449 3736 519 3795 V.
557 3738 632 3795 R.
669 3755 722 3795 a.
770 3757 822 3795 c.
889 3737 986 3813 (cf.
1029 3737 1194 3801 Eust.
1243 3736 1319 3794 ad
1361 3734 1533 3794 Hom.
1578 3733 1692 3795 od.
1733 3723 1801 3808 β’
1844 3749 1907 3809 p.
1954 3734 2114 3806 1441,
2153 3730 2270 3811 10.)
2312 3726 2501 3813 άμορ-

217 3813 506 3899 φοτάτην
574 3821 706 3883 edd.
771 3826 910 3881 vett.
966 3814 1416 3901 άμορφωτάτην
1487 3818 1541 3875 b.
1604 3818 1661 3874 d.
1698 3848 1785 3861 --
1860 3809 2242 3901 εὐνοέστερον
2298 3815 2366 3872 V.
2410 3824 2479 3876 Ἠ

223 3902 707 3986 ὃρρωμενεστέρη
741 3905 842 3963 lx.
881 3910 953 3966 70
1005 3904 1159 3984 (aliis
1194 3906 1370 3965 etiam
1412 3904 1682 3962 usitatum
1725 3901 1797 3957 cf.
1836 3900 2038 3983 Matth.
2086 3924 2166 3976 gr.
2214 3924 2298 3976 gr.
2346 3904 2390 3972 1,
2442 3924 2503 3980 1⁵-

225 3988 382 4064 689.)
419 3981 914 4073 άγνωμονεστέρη
952 3992 1053 4051 lx.
1076 3994 1167 4052 41.
1210 3987 1513 4068 (Similiter
1540 3992 1715 4063 atque
1754 3975 2194 4068 άχαριτιᾶτιπῡν
2238 3984 2358 4040 ἮΙῙ.
2382 3992 2499 4044 155.

353 4188 415 4256 ⁴‘)
449 4185 753 4259 διαβατόν,
787 4194 1009 4244 accentu
1043 4188 1101 4243 in
1138 4187 1321 4259 ultima
1355 4185 1549 4259 posito,
1580 4186 1699 4243 ⁴aine
1732 4185 1945 4256 variet„
1982 4184 2122 4252 quud
2146 4188 2330 4236 nunt-ra
2346 4180 2507 4236 Eun*

218 4256 393 4313 manni
444 4258 554 4328 (gr.
588 4275 672 4328 gr.
709 4256 754 4327 1,
790 4277 843 4331 p.
879 4258 1012 4327 241)
1045 4258 1362 4315 sententiam
1395 4255 1558 4315 valet.
