2942 4900
212 257 254 322 14
282 218 292 235 Ι
532 257 579 317 lte
601 257 723 317 dialecto
746 254 911 315 Herodotcs
934 253 979 312 iiis.
1004 250 1024 312 Ι.

208 428 279 489 h
301 446 404 487 sorau
424 427 570 487 attuarios
590 424 744 496 medriam,
768 423 884 483 resarcu
919 424 1044 501 possint3
1067 434 1240 500 quamquam
1262 425 1366 500 cuique

210 515 253 574 bis
271 514 302 571 in
323 512 433 571 &mnis
456 511 607 570 sarciendis
629 512 772 587 ingenium
791 524 923 566 ereroero
950 506 1050 567 iicebit.
1231 528 1235 535 ¹

294 597 349 655 Est
368 602 462 655 arden
493 597 556 655 tatis
583 596 683 653 houna
717 594 738 651 i.
766 596 830 655 rot:
855 596 917 652 sois
947 589 980 652 di
1007 589 1254 668 διαφθαρεισέων
1282 594 1365 653 νεών

212 677 285 755 roric
304 677 420 760 ἄνδρας
447 680 480 742 οἵ
502 702 534 742 τι
561 672 769 761 Καρχηδόνιοι
795 675 848 736 καὶ
875 678 908 737 οἱ
938 679 1093 756 ronanus
1105 719 1269 739 ...........
1294 676 1363 739 ’ἔλα-

211 760 270 846 χόν
291 786 323 827 τε
344 760 446 829 odron
471 768 572 848 πολλῷ
586 768 726 836 πλείους,
748 762 798 822 καὶ
813 756 943 834 τούτους
959 758 1154 843 ἐξαγαγόντος
1169 761 1361 824 κατέλευσαν.

214 851 337 910 Verbum
358 850 477 922 finitum,
500 850 579 926 quod
600 850 719 924 dicitnr,
740 848 776 904 ad
802 842 1006 925 Καρχηδόνιοι
1033 857 1062 907 et
1092 845 1246 927 Τυρσηνοὶ
1274 849 1364 924 perti-

212 954 292 1009 nens,
310 930 482 1015 ὃζῶγρησαν
504 934 549 993 rel
569 934 658 992 simite
676 934 746 1009 qnid
767 932 903 990 excidisse
923 940 1020 1010 potet}
1042 933 1093 991 sed
1114 938 1259 1009 praetereo
1276 933 1363 990 etiam

212 1020 366 1095 subjectum
391 1020 468 1078 rerbi
491 1018 608 1097 ἔλαχον,
629 1019 663 1080 ot
682 1017 715 1081 di
738 1011 923 1095 Ἀγνλλαῑοις
951 1020 1000 1093 qui
1025 1015 1151 1094 Agytiaei
1179 1023 1256 1074 sorte
1281 1034 1363 1076 acoe-

212 1106 289 1184 pirse
308 1105 395 1181 louge
416 1104 550 1182 plurimos
578 1104 706 1182 captivos
732 1102 829 1159 hostes
857 1101 998 1163 dicontur.
1048 1103 1146 1170 Quare
1172 1120 1260 1178 quum
1288 1120 1363 1160 uon·

211 1191 281 1248 dum
302 1190 351 1266 qni
376 1191 480 1248 tuerint
499 1189 539 1247 iiii
556 1186 682 1265 Agyitoei
704 1186 836 1244 certiores
860 1205 912 1243 nos
939 1187 1128 1258 indicimus,
1152 1186 1319 1245 Herodotus
1346 1205 1363 1244 e

213 1292 293 1332 more
308 1288 366 1330 ‘suo
391 1275 428 1331 de
449 1272 491 1330 his
513 1275 654 1348 quaedum
676 1286 813 1345 nnmsse,
835 1277 865 1327 et
886 1271 1000 1345 dixere,
1022 1271 1186 1348 'lyrrheuos
1208 1271 1247 1329 de
1269 1270 1363 1350 capti·

212 1359 255 1415 ris
275 1358 391 1415 sortitos
416 1374 487 1432 esse,
510 1357 647 1433 simulque
669 1356 829 1426 addidisse,
850 1357 997 1430 quomodo
1019 1355 1205 1414 Carchedouii
1233 1357 1365 1435 eaptiros

212 1458 281 1500 suos
304 1441 509 1512 tractavissent,
533 1440 689 1500 necessario
711 1438 854 1517 putandus
875 1446 928 1497 est.

296 1525 337 1583 Et
364 1525 445 1583 simili
473 1527 560 1584 modo
587 1531 682 1584 textus
708 1533 752 1583 est
778 1525 950 1602 interruptos
977 1523 1013 1582 V.
1043 1530 1091 1583 52:
1122 1518 1156 1584 ia
1178 1520 1217 1584 'di
1245 1519 1364 1602 ταύτης

212 1612 269 1688 τῆς
286 1602 448 1688 Ἀρμτνίης
468 1604 644 1689 induitionem
665 1605 765 1688 ἕςτήν
779 1605 945 1687 Ματιηνιίν
970 1613 1029 1688 γῆν
1053 1609 1187 1685 σταθμοί
1210 1608 1269 1670 εἰσι
1296 1607 1362 1670 τέο·

213 1704 296 1775 στρος
308 1732 481 1754 ............
504 1694 536 1757 ἐκ
558 1693 592 1756 di
612 1690 723 1771 ταύτης
744 1693 775 1764 ἐς
796 1689 852 1768 την
874 1695 1004 1770 Κισσίην
1025 1685 1128 1769 χαίρην
1149 1694 1362 1771 μεταβαίνοντι

213 1778 322 1841 Mssa
343 1780 485 1859 σταθμοί.
523 1780 561 1837 'in
583 1782 700 1839 eandem
722 1778 796 1836 hano
825 1778 951 1835 lacunam
974 1776 1104 1853 explendi
1127 1778 1263 1835 rationem
1290 1778 1362 1836 inci·

213 1864 319 1936 domm,
345 1881 431 1940 quarn
451 1864 510 1939 jam
530 1866 567 1923 de
588 1866 615 1923 iu
636 1866 733 1934 Barce,
758 1860 943 1939 apndGuitos
964 1858 1078 1919 doctum
1102 1862 1201 1933 vinam,
1225 1862 1275 1919 sibi
1297 1863 1360 1920 iue-

213 1949 319 2007 undam
341 1967 404 2006 esse
425 1951 538 2007 drrxisse
560 1968 634 2008 nunc
658 1949 715 2006 ridi
741 1948 790 2018 (cf.
819 1946 905 2004 Acud.
928 1948 980 2003 des
1008 1945 1136 2023 inscript.
1166 1948 1203 2005 T.
1229 1946 1303 2005 Vlil.
1331 1966 1360 2025 p.

211 2038 267 2093 843
287 2039 316 2092 ot
340 2034 453 2092 Baehrii
480 2033 550 2092 Nor.
572 2036 609 2092 ad
635 2042 762 2090 nostrum
791 2031 906 2106 iocum).
950 2031 977 2087 ls
998 2030 1072 2088 euim
1089 2035 1156 2108 post
1179 2050 1276 2090 rocem
1297 2031 1361 2092 τέο·

212 2135 296 2197 στρος
321 2119 463 2197 supplerit
484 2118 536 2178 aui
557 2113 738 2195 τριήκοντα,
762 2112 952 2194 παρασάγγαι
970 2112 1003 2176 δὲ
1026 2113 1101 2176 inrui
1122 2114 1174 2175 stoi
1195 2111 1362 2194 τριήκοντα

211 2200 264 2265 καὶ
292 2199 411 2263 ἑκατόν.
462 2201 528 2268 Qua
546 2203 659 2276 quidem
684 2201 793 2259 ratione
822 2199 1007 2258 Matienomm
1035 2199 1107 2258 fines
1132 2199 1220 2260 multo
1248 2201 1361 2278 tongins

212 2302 299 2360 qnam
325 2286 345 2342 ii
357 2286 451 2360 -ruigo
477 2286 631 2342 creduntur
651 2290 880 2363 promoreantur,
897 2304 990 2361 neque
1010 2290 1105 2342 tamen
1129 2284 1201 2343 uitra
1233 2288 1361 2358 modom,

213 2377 246 2428 ut
274 2367 432 2427 larchecus
464 2370 653 2445 reprehendit.
708 2369 804 2436 Quum
838 2372 910 2427 enim
938 2388 972 2427 cx
1006 2370 1193 2446 descriptione
1218 2366 1361 2428 Herodoti

212 2452 320 2530 Erlyos
345 2455 423 2511 florii
446 2455 558 2513 accolae
582 2456 686 2514 scierint
710 2455 826 2512 Matieni
858 2457 896 2532 (Ι.
923 2460 984 2531 72),
1012 2473 1048 2513 ex
1076 2473 1229 2530 eorumque
1258 2449 1364 2515 finibus

210 2538 334 2614 ,Gyndes
366 2544 394 2596 et
424 2537 530 2597 Araxes
560 2542 674 2597 flumina
704 2543 847 2617 profluant
872 2537 909 2614 (i.
936 2543 996 2612 189,
1025 2539 1091 2615 ιον)
1121 2549 1150 2596 et
1177 2541 1312 2599 continuo
1345 2560 1362 2599 a

215 2622 313 2679 Cissiis
336 2622 408 2681 circa
431 2624 505 2680 Susa
528 2626 625 2683 urbem
641 2624 831 2683 habitantibus
854 2625 1030 2701 excipiantur
1058 2624 1109 2699 (V.
1133 2628 1170 2682 49
1191 2632 1221 2683 et
1239 2624 1362 2702 Dionys.

213 2706 323 2782 Perieg.
346 2727 387 2770 rs.
413 2714 463 2766 100
496 2710 593 2784 sqq),
615 2727 709 2785 neque
728 2712 766 2766 ad
790 2709 860 2765 atius
887 2710 984 2787 popuii
1013 2703 1083 2766 fines
1112 2726 1196 2784 qoam
1218 2709 1363 2768 Matieno·

210 2803 277 2851 tum
287 2792 429 2851 verbniila
440 2794 536 2852 statim
547 2801 614 2872 post
631 2795 757 2853 lacunam
777 2796 871 2871 posita
889 2795 922 2853 ἐκ
938 2791 971 2854 di
990 2788 1101 2871 ταύτης
1118 2794 1215 2850 reterri
1230 2801 1363 2871 possunt,

211 2896 268 2936 neo-
276 2877 383 2937 numeri
392 2879 439 2935 isti
454 2899 507 2956 pro
519 2885 600 2939 tacito
612 2886 750 2938 terrarum
763 2887 853 2936 tractu
865 2879 946 2935 nimis
956 2878 1052 2953 magni
1063 2877 1127 2935 mihi
1143 2895 1205 2935 esse
1219 2879 1364 2955 ridentur,

212 2979 301 3036 quum
317 2963 412 3019 similis
429 2963 535 3019 itineris
552 2963 701 3037 iongitudo
723 2982 775 3040 per
791 2963 1004 3039 Cappadociam
1021 2956 1189 3039 porrigentis
1214 2963 1365 3021 duodetri-

211 3046 292 3121 ginta
316 3047 477 3103 mansiones
504 3052 534 3102 et
559 3054 828 3121 centumquattuor
846 3065 1018 3125 yramsangas
1037 3046 1194 3124 implevisse
1221 3049 1363 3106 tradatur.

296 3129 415 3189 Tertius
449 3129 526 3186 iocus
561 3137 605 3189 est
638 3131 699 3188 vti.
728 3135 778 3190 76:
812 3134 955 3210 Θρηΐκιον
987 3128 1021 3193 δὲ
1051 3135 1113 3192 τῶν
1147 3130 1181 3193 ἐν
1212 3135 1249 3215 τῇ
1275 3126 1364 3215 Ἀσίη

211 3204 286 3293 ἦρχε
317 3211 481 3292 Βασσάκης
517 3210 536 3275 ὅ
566 3210 757 3296 Ἀρταβάνου
769 3260 835 3275 .....
837 3265 839 3268 ,
843 3257 972 3275 .........
997 3210 1129 3288 druidae
1167 3212 1201 3276 di
1232 3210 1365 3294 σι’μοβοΐ-

212 3318 270 3370 νας
307 3292 389 3375 εἶχον
424 3293 559 3376 σμικράς.
616 3300 766 3366 Quaeritur
799 3301 859 3371 hic,
898 3300 975 3374 cuijus
1014 3301 1108 3376 gentis
1140 3302 1178 3359 ab
1210 3301 1363 3359 Herodoto

210 3381 288 3441 baud
311 3383 431 3441 obscure
453 3385 606 3444 denotatae
628 3405 729 3443 nomen
755 3386 902 3456 exciderit,
931 3403 1024 3459 neque
1056 3386 1139 3443 ratde
1165 3403 1309 3462 repugno,
1337 3387 1362 3441 si

212 3466 261 3543 qai
285 3467 445 3546 Chalybum
471 3475 583 3544 gentem
605 3470 659 3528 hoc
687 3469 749 3528 loco
777 3470 987 3545 intelligendam
1015 3487 1078 3529 esse
1106 3476 1247 3541 statuant,
1273 3487 1363 3545 quoru

210 3560 240 3612 et
263 3554 356 3626 ordo‚.
372 3572 432 3628 quo
453 3554 560 3612 Herod.
587 3554 606 3612 1.
629 3562 665 3613 28
686 3556 807 3632 populos
835 3574 852 3610 a
877 3555 986 3611 Croeso
1015 3555 1146 3613 subactos
1177 3555 1364 3623 enumerarit,

213 3641 243 3694 ct
262 3653 338 3709 quae
362 3655 379 3694 a
400 3638 510 3697 Rittero
535 3640 562 3697 iu
586 3639 693 3715 Geogr.
719 3639 755 3696 ΙΙ.
772 3659 801 3715 p.
824 3642 876 3697 793
896 3646 926 3696 et
950 3657 968 3694 a
982 3638 1166 3715 Bernhardyo
1188 3640 1226 3695 ad
1241 3638 1361 3715 Dionys.

212 3718 322 3793 Perieg.
348 3739 376 3797 p.
395 3723 446 3779 736
471 3741 545 3798 sqq,
567 3724 632 3780 viris
659 3725 784 3800 summis,
812 3725 955 3799 disputata
981 3729 1061 3798 suut,
1091 3723 1163 3780 hanc
1193 3724 1362 3781 sententiam

212 3802 278 3862 mihi
305 3802 470 3861 confirmare
497 3807 652 3867 videantur.
703 3805 749 3868 De
780 3808 823 3865 his
852 3806 1013 3883 Chatytibus
1040 3808 1104 3865 vide
1131 3814 1277 3888 praeterea
1298 3808 1362 3866 Xe-

213 3886 301 3965 noph.
319 3886 410 3946 Anah.
428 3886 520 3961 1V.7‚
539 3897 582 3967 15,
603 3891 638 3950 V.
657 3900 685 3968 5,
706 3897 738 3953 17
757 3913 819 3965 cum
837 3893 988 3968 Interppr,
999 3889 1158 3951 Blomticld.
1178 3892 1216 3949 ad
1228 3890 1360 3969 Aeschyi.

211 3970 353 4032 Prometh.
365 3990 404 4030 rs.
417 3975 478 4043 ⁷25,
490 3975 552 4046 ⁷34,
564 3977 627 4050 740,
638 3978 674 4034 ad
684 3979 765 4055 Sept.
786 3983 835 4036 ctr.
848 3978 940 4036 Theb.
959 3994 999 4036 rs.
1022 3981 1094 4049 ἵνα,
1111 3975 1246 4051 ΑροΙΙοιι.
1262 3976 1359 4034 Rhod

210 4054 319 4133 Argon.
334 4056 369 4115 ΙΙ.
381 4076 422 4115 vs.
441 4063 508 4115 1001
525 4076 588 4133 sqq.
609 4060 702 4118 Schoi.
720 4070 749 4119 et
766 4060 903 4139 Interppr.
923 4061 960 4117 od
977 4060 1063 4119 Hom.
1080 4061 1115 4118 Ji.
1132 4060 1168 4118 ΙΙ.
1181 4065 1243 4120 856.
1259 4059 1294 4122 V.
1312 4064 1361 4119 39.

295 4141 444 4200 Praeterea
469 4146 498 4198 et
518 4142 580 4216 ejus
600 4162 712 4218 nomen,
740 4145 787 4220 qui
808 4144 851 4202 his
873 4144 1046 4222 Chalybibus
1066 4143 1234 4223 imperabat,
1256 4145 1362 4219 aliquis

212 4222 311 4282 merito
338 4226 544 4286 desideraverit
592 4227 653 4285 Sed
681 4233 710 4285 et
732 4228 777 4286 aiii
799 4228 1107 4304 veteres‘grammatioi
1139 4236 1168 4288 et
1190 4229 1361 4294 Eustathius

214 4304 268 4379 (ed
289 4303 406 4384 Dionys.
429 4309 490 4369 Por.
516 4328 558 4370 rs.
584 4313 644 4371 793.
676 4305 836 4391 Ἡρόδοτος
860 4310 893 4374 δὲ
914 4313 1011 4393 ttycr,
1036 4315 1160 4396 Θρᾷκας
1191 4308 1364 4392 diadinae
