2942 4900
238 171 302 248 rod
531 167 601 258 “ne
624 183 747 244 narsus
768 135 936 244 usurus
957 181 1005 244 us
1020 181 1058 244 11.
1126 269 1128 278 X

515 351 562 412 lle
583 348 764 431 quibusdum
788 347 904 412 litteris
925 346 1101 413 mobilibus.

324 471 419 539 Quum
441 469 545 528 Graeci
565 471 683 530 multum
703 468 836 527 suavitati
857 468 965 526 aurium
988 486 1022 525 ac
1042 464 1187 525 vocalitati
1210 467 1388 529 indicendo

239 554 365 615 tribuere
392 554 469 612 soliti
498 556 571 631 sint,
593 553 762 612 'mirandum
790 572 859 611 saue
881 571 938 611 uon
961 556 1023 625 est,
1047 550 1167 611 mobiles
1189 554 1332 629 quasdam
1354 555 1386 618 in

240 657 337 699 eorum
358 637 454 715 lingna
473 640 561 698 fuisse
581 639 701 714 litteras,
719 655 802 716 quas,
822 643 909 716 prout
927 636 1043 694 cruribus
1063 641 1148 713 atque
1169 638 1212 694 ori
1221 637 1385 716 placuerat,

239 724 285 782 vel
298 724 439 783 adderent
456 724 501 782 vel
522 724 669 784 demerent
688 723 815 784 vocibus.
851 721 929 779 Inter
951 721 1002 779 bas
1026 720 1145 778 mobiles
1165 721 1278 779 litteras
1304 722 1328 784 ἶ
1353 730 1386 782 et

238 803 491 885 ῖὲφελκυστικά,
524 827 596 885 quae
620 813 738 882 vocant,
768 808 945 866 recensenda
964 825 1045 880 esse,
1075 806 1135 863 sere
1163 812 1287 864 constat.
1309 829 1310 834 ¹
1330 806 1386 866 Illa

240 898 333 951 autem
360 911 418 950 non
439 894 529 952 solum
550 894 641 952 hiatus
661 892 770 951 vitandi
788 909 873 949 causa
894 891 992 948 addita
1013 908 1076 948 csse
1095 889 1241 948 vocabulis
1265 891 1386 968 quibus·

240 978 323 1053 dam,
345 978 397 1036 sed
421 979 506 1036 etiam
525 985 674 1037 uteorum
696 997 751 1034 usu
769 975 816 1034 alii
837 994 951 1054 quoque
970 971 1102 1032 suavitati
1124 975 1234 1032 aurium
1256 978 1387 1035 servire·

240 1067 305 1137 tur,
326 1062 370 1120 vel
394 1081 429 1121 ex
451 1082 486 1121 eo
508 1062 639 1121 concludi
659 1068 772 1140 potest,
795 1060 871 1137 quod
895 1060 972 1139 apud
988 1063 1090 1139 poetas
1108 1061 1278 1138 saepissime
1301 1061 1386 1119 metri

152 1187 154 1196 ,
240 1161 337 1219 causa,
358 1147 435 1225 apud
456 1148 612 1225 scriptores
631 1147 742 1204 solutae
763 1145 900 1203 orationis
920 1153 978 1204 notr
1000 1143 1092 1201 solum
1113 1145 1141 1200 iri
1163 1144 1220 1201 fine
1242 1146 1386 1202 sententi-

239 1247 331 1308 arum,
349 1238 486 1309 sequente
503 1250 641 1305 consona,
664 1232 797 1310 apposita
818 1248 884 1287 esse
903 1230 1041 1302 invenies,
1063 1229 1114 1286 sed
1133 1229 1216 1308 etiam
1235 1230 1334 1286 media
1354 1231 1385 1290 in

240 1317 384 1374 sententia
415 1316 492 1374 nullo
519 1316 597 1374 biatu
617 1320 739 1392 cogente
761 1314 797 1372 cf.
819 1313 914 1392 Apoll.
942 1314 978 1371 de
996 1312 1083 1370 Pron.
1113 1313 1141 1369 in
1159 1313 1251 1370 seur.
1273 1312 1384 1378 Anecd.

238 1397 275 1458 Π.
298 1420 328 1477 p.
350 1406 403 1460 520
422 1420 466 1477 sq.
502 1401 583 1460 Pors.
612 1400 743 1477 Euripid.
766 1398 864 1458 Orest.
886 1418 929 1457 vs.
952 1403 989 1457 24
1018 1402 1048 1454 et
1069 1396 1211 1454 Addenda
1231 1398 1261 1454 in
1284 1397 1385 1473 Argu·

237 1492 326 1543 ment.
348 1489 378 1543 et
395 1485 478 1548 Nott.
499 1485 536 1543 ad
558 1485 690 1543 Medeam
711 1505 740 1562 p.
759 1490 811 1541 502
830 1503 874 1560 sq.
897 1515 939 1525 *-
975 1484 1154 1559 Quamquam
1180 1482 1296 1541 minime
1320 1484 1385 1541 inli-

238 1569 302 1627 tiari
322 1575 418 1647 potest
439 1571 516 1649 apud
539 1569 649 1628 Atticos
668 1567 802 1646 politiore
821 1587 890 1626 usos
919 1567 1049 1625 oratione
1072 1573 1238 1625 constanter
1258 1567 1314 1625 bas
1337 1568 1384 1624 lut·

237 1658 314 1710 teras
327 1654 412 1711 certis
428 1655 627 1713 vocabulorum
648 1655 749 1712 formis
772 1654 927 1711 accessisse
943 1650 1035 1709 hiatus
1056 1651 1165 1710 vitandi
1187 1670 1285 1727 causa,
1309 1653 1385 1710 anti-

237 1738 338 1813 quiore
369 1744 464 1796 autem
494 1744 625 1817 tempore
653 1739 736 1798 latius
768 1739 896 1815 patuisse
922 1756 1018 1794 earum
1039 1754 1142 1806 usum3
1179 1755 1237 1813 qua
1266 1738 1384 1813 quidem

236 1820 371 1880 libertate
391 1831 496 1901 poetae
517 1825 641 1882 omnium
659 1830 820 1901 temporum
840 1822 961 1881 libenter
981 1830 1010 1879 et
1029 1823 1066 1879 ad
1088 1840 1148 1879 rem
1170 1839 1251 1879 suurn
1267 1840 1384 1879 accom-

236 1907 431 1967 modatissime
451 1909 612 1967 utebantur.
655 1910 705 1966 Sic
722 1908 828 1985 optime
860 1907 994 1965 concilies
1026 1907 1100 1964 inter
1125 1925 1156 1964 se
1187 1908 1384 1964 recentiorum

165 2053 168 2060 ,
212 2049 224 2056 ,
235 1992 483 2069 grammaticorum
496 1994 624 2052 diversas
637 1993 798 2070 opiniones,
821 2009 940 2066 quorum
959 1991 1005 2048 alii
1018 1991 1045 2055 ἶ
1060 1985 1276 2069 ἔφελκυστικόν
1288 1989 1384 2050 hiatus

146 2125 155 2134 .
235 2077 344 2134 vitandi
364 2095 450 2136 causa
474 2096 492 2134 a
512 2077 631 2136 Graecis
654 2083 822 2152 usurpatum
843 2094 906 2132 esse
928 2077 1105 2136 contendunt
1114 2072 1162 2151 *),
1193 2075 1239 2132 ulii
1261 2080 1385 2151 negant,

236 2160 288 2218 sed
310 2161 532 2218 deminutionem
557 2179 744 2219 consonarum
772 2177 837 2216 esse
865 2171 994 2235 cuasam,
1025 2180 1077 2218 cur
1096 2157 1164 2217 illud
1187 2177 1242 2217 non
1263 2160 1386 2237 saepius

237 2244 361 2321 positum
379 2246 416 2300 sit
427 2242 484 2321 **).
524 2244 610 2312 Quod
626 2245 702 2301 enim
720 2249 916 2319 argumentum
938 2245 1127 2302 Buttmannns
1151 2244 1188 2302 ad
1207 2245 1386 2302 sententiam

237 2343 316 2383 suam
338 2326 559 2384 confirmandam
580 2328 689 2402 attulit,
713 2329 841 2386 Graecos
862 2328 958 2386 multis
979 2330 1042 2387 aliis
1063 2329 1264 2386 vocabulorum
1284 2329 1387 2386 termi-

236 2409 398 2469 nationibus
420 2410 449 2467 in
472 2411 584 2470 vocales
612 2412 825 2488 desinentibus,
859 2421 998 2491 sequente
1015 2414 1125 2488 vocali,
1154 2431 1212 2472 non
1232 2412 1384 2473 addidisse

237 2490 305 2551 illud
333 2516 362 2568 ν,
384 2512 477 2571 neque
498 2498 623 2555 sensisse
646 2496 732 2555 ullum
754 2496 879 2573 hiatum,
905 2500 936 2556 id
969 2519 1027 2558 uon
1051 2500 1169 2557 multum
1197 2498 1294 2556 valere
1317 2498 1384 2557 mibi

237 2578 349 2635 videtur
368 2579 446 2656 apud
474 2598 554 2656 eum,
586 2581 635 2658 qui
654 2581 788 2639 mobilem
804 2583 975 2661 minimeque
999 2585 1054 2642 sibi
1075 2588 1252 2642 constantem
1274 2585 1385 2641 arrrium

237 2680 363 2738 sensum,
384 2663 454 2721 alius
471 2683 556 2723 voces
574 2665 658 2728 aliter
678 2666 864 2743 audientium,
886 2668 916 2725 in
927 2687 983 2727 una
997 2669 1155 2745 eademqne
1172 2667 1269 2743 lingua
1292 2666 1384 2746 probe

237 2747 317 2807 sciat.
360 2746 463 2825 Neque
482 2751 566 2807 etiarn
590 2770 714 2827 uuquam
733 2770 782 2809 eas
803 2753 1007 2812 vocabulorum
1028 2752 1255 2827 terminationes,
1279 2753 1384 2829 quibus

187 2872 198 2888 .
236 2830 342 2894 illudv
365 2834 494 2891 additum
522 2840 584 2908 est,
617 2837 716 2911 paucis
750 2839 897 2913 exceptis,
926 2837 1104 2916 apostropbo
1134 2837 1230 2915 posito
1253 2837 1384 2914 abjectas

236 2916 343 2990 fuisse,
370 2918 422 2973 sed
442 2919 536 2975 biatus
559 2919 667 2976 vitandi
690 2939 776 2979 causa
797 2921 868 2978 illud
890 2945 909 2984 ν
930 2924 1075 3000 recepisse
1097 2927 1219 2982 constat.
1263 2921 1333 2980 Huc
1353 2928 1385 2981 et

237 3000 351 3057 accedit
372 3000 522 3059 diversitas
544 3002 728 3061 dialectorum
747 3005 942 3081 Graecarum,
966 3008 997 3065 in
1019 3026 1137 3083 quarum
1161 3005 1216 3062 alia
1239 3011 1271 3064 et
1290 3005 1385 3065 hiatus

238 3089 268 3141 et
289 3083 445 3141 deminutio
467 3104 656 3144 consonarum
677 3087 860 3165 obtinebant,
882 3091 910 3148 in
932 3092 987 3150 alia
1008 3092 1123 3149 minime
1145 3090 1334 3168 obtinebant,
1352 3099 1385 3150 ut

237 3167 266 3223 in
287 3164 340 3224 bac
361 3167 563 3227 vocabulorum
586 3172 804 3232 terminationes
837 3195 900 3233 cum
932 3176 986 3234 illis
1014 3175 1166 3234 mobilibus
1187 3175 1292 3234 litteris
1312 3197 1384 3235 con·

234 3250 349 3326 junctas
365 3252 456 3312 tuisse
476 3255 591 3331 videas,
612 3257 640 3314 in
662 3256 710 3315 illa
728 3278 785 3316 non
807 3261 935 3336 reperias
947 3257 1021 3338 ***).
1044 3260 1081 3318 Et
1102 3260 1179 3339 apud
1200 3260 1384 3319 Herodotum

238 3335 353 3412 quidem
375 3356 450 3396 nunc
471 3339 577 3397 nostris
611 3341 639 3398 in
674 3343 880 3420 exemplaribus
912 3334 1055 3423 perpauca
1085 3350 1240 3423 supersunt
1269 3345 1345 3403 illius
1366 3370 1384 3406 v

237 3419 329 3478 finalis
351 3422 495 3501 exempla,
528 3422 565 3481 ab
594 3425 724 3485 omnibus
752 3429 936 3487 communiter
963 3435 1092 3500 retenta;
1120 3448 1290 3506 quamquam
1317 3431 1386 3488 alibi

237 3503 312 3562 baud
333 3524 399 3566 raro
419 3509 475 3567 ista
495 3509 622 3586 variant,
650 3528 684 3568 ac
705 3513 821 3588 saepius
842 3514 926 3571 etiam
948 3515 977 3571 in
1000 3514 1097 3571 Codd.
1118 3513 1190 3578 Mss.
1212 3515 1385 3592 quibusdam

237 3588 306 3646 illud
328 3592 457 3651 additum
479 3594 628 3671 reperitur,
650 3594 713 3652 aliis
731 3614 789 3652 non
810 3599 1061 3664 consentientibus.
1082 3598 1122 3658 Et
1143 3605 1202 3657 tum
1216 3599 1386 3677 plerumque

239 3670 324 3730 etlam
341 3677 469 3751 proxime
491 3679 669 3755 praecedens
690 3680 857 3739 vocabulum
870 3683 914 3741 vel
928 3684 1055 3760 proxime
1070 3702 1193 3761 sequens
1211 3685 1241 3741 ln
1260 3684 1389 3742 Atticam

238 3756 441 3836 vulgaremque
468 3764 701 3821 consuetudinem
724 3765 853 3823 invenias
872 3774 1028 3847 mutatum,
1057 3776 1106 3827 aut
1134 3769 1259 3846 genuino
1283 3770 1386 3828 ordine

308 3972 337 4036 ¹¹¹)
355 3973 400 4026 cf.
420 3971 523 4027 Mutet.
536 3992 577 4042 gr.
594 3993 637 4045 gr.
655 3977 677 4044 Ι,
718 4015 725 4029 .
746 3976 796 4031 125
815 3995 858 4047 sq.

265 4112 272 4125 ι
307 4040 360 4124 *⁴¹2⁸
371 4040 469 4096 lluttm.
486 4061 527 4113 gr.
545 4061 586 4113 gr.
606 4046 628 4111 l,
646 4063 671 4114 p.
690 3994 735 4101 lb.
773 4048 831 4098 Nec
848 4047 949 4101 dirimit
966 4050 1173 4103 controversiam
1192 4048 1265 4102 locus
1278 4050 1386 4119 quidam

238 4110 432 4177 Dionysanl.
449 4111 634 4196 resoluendae.
654 4134 678 4170 c.
696 4114 723 4167 6.
742 4134 768 4183 p.
778 4116 812 4169 56
830 4117 929 4184 Upton.
951 4119 1086 4173 cilliscb.
1104 4119 1137 4172 ud
1158 4118 1224 4172 Vell.
1244 4120 1268 4186 1,
1285 4139 1314 4190 p.
1325 4121 1384 4176 143.

306 4177 372 4247 ***)
390 4181 565 4241 Notissimum
582 4181 647 4234 rllud
661 4183 830 4237 Homericum
848 4185 892 4252 (ll.
914 4182 944 4254 γ’
960 4187 1026 4255 388)
1050 4183 1148 4255 ἤσκειν
1184 4205 1215 4240 ro
1232 4183 1328 4254 ἤσκει,
1346 4191 1383 4245 ct.

240 4245 332 4303 ruet.
349 4248 384 4301 ad
402 4249 470 4305 Voll.
487 4252 510 4319 1,
529 4269 556 4321 p.
575 4249 626 4304 187
643 4269 685 4320 sq.
715 4253 797 4320 Greg.
817 4253 882 4310 (lor.
902 4255 928 4308 d.
947 4257 976 4315 d.
994 4256 1076 4311 Attio.
1095 4275 1121 4328 p.
1143 4205 1192 4311 lli
1210 4257 1349 4327 (Sebuel.)
