2942 4900
237 170 279 235 88
554 173 600 232 De
621 173 752 236 dialecto
764 172 930 232 Herodotea
951 172 1045 236 liul

238 358 272 400 ac
291 340 396 400 rationi
416 345 446 398 et
465 338 618 415 analogiae
635 339 803 399 obedientes
817 358 882 399 esse
896 339 1048 401 meliorum
1076 338 1162 397 llaec
1178 339 1267 412 ratio,
1286 356 1376 415 quam

237 425 267 483 la
287 423 481 502 mperioribun
499 425 559 500 jam
582 424 672 483 secuti
702 443 817 496 surmus,
842 442 861 482 a
882 423 1053 482 Godoiredo
1074 422 1238 482 Hermanno
1261 424 1323 500 jam
1343 423 1374 484 iu

237 507 417 585 praefatione
433 508 471 566 ad
491 508 608 567 Homeri
626 506 788 584 Odyssean
805 507 959 586 (Opuoeul.
977 508 1031 581 Ill,
1052 527 1083 584 p.
1104 510 1138 567 79
1159 506 1240 584 sqq.)
1264 507 1323 566 alia
1344 508 1377 566 lu

238 610 271 650 re
290 596 455 665 monstrata,
476 605 503 650 n*
515 593 631 651 Strurio
652 611 761 651 summo
782 611 846 651 cum
866 593 960 650 tractu
984 592 1170 651 Herosloteae
1192 592 1292 651 critice
1313 596 1377 650 tra-
1464 622 1466 654 r

240 676 360 733 claudae
374 676 497 734 orationi
509 676 638 734 adbibita
650 681 711 744 est;
731 695 816 754 quam
838 677 1013 736 utilissimam
1034 679 1134 734 mistro
1152 680 1285 734 navatam
1302 695 1376 753 ope-

172 775 175 780 ·
239 777 299 817 ram
314 778 350 819 ne
362 759 494 820 Stmvius
516 761 705 834 condonaret,
725 767 819 821 morte
837 767 883 821 est
894 761 1063 840 prohibitus.
1105 757 1180 820 Nau
1195 760 1251 822 tria
1264 765 1378 820 tantum

239 844 436 920 quenionum
456 845 493 903 de
513 843 638 903 dialecto
654 843 800 904 Herodoti
820 848 976 924 specimina
996 846 1145 918 ediderat,
1167 843 1205 903 de
1225 844 1378 922 pronomi-

240 927 323 985 nibus
344 921 426 1001 ὅστις
446 935 475 987 et
500 923 536 1001 ὅς
555 928 680 1006 (Regim.
703 929 803 1008 1828),
832 931 870 989 de
891 930 1081 989 declinatione
1105 929 1249 988 nominum
1272 929 1302 987 iu
1325 928 1380 1002 aa}

239 1011 401 1070 exeuntium
428 1009 658 1091 (Regim.1829)
687 1019 718 1072 et
744 1016 782 1073 de
810 1011 1015 1094 orthographia
1043 1012 1173 1073 vocabuli
1199 1008 1317 1093 &dopo
1347 1020 1379 1076 et

239 1094 439 1154 derivatorum.
1253 1151 1256 1158 .

280 1209 284 1246 ·.
323 1179 388 1238 Hac
407 1180 496 1257 igitur
518 1181 566 1239 via
584 1183 798 1260 procedendum
819 1179 885 1240 mihi
908 1202 988 1258 ease,
1012 1202 1065 1261 pro
1088 1186 1168 1240 certo
1189 1178 1299 1252 habc03
1323 1182 1378 1241 sed

146 1299 149 1304 ‹
238 1281 277 1322 ne
299 1282 414 1342 semper
434 1266 591 1343 repetenda
612 1267 685 1341 sint,
709 1267 865 1344 quaejam
889 1287 943 1345 pro
971 1266 1124 1345 exploratis
1149 1264 1283 1326 habenda
1310 1284 1378 1326 esse

239 1347 384 1423 videntur,
403 1352 434 1407 et
451 1367 526 1425 quae
543 1349 602 1425 jam
623 1350 653 1408 in
674 1352 800 1410 editloue
819 1367 837 1409 a
858 1367 890 1410 re
912 1353 1011 1410 critica
1031 1351 1151 1429 optima,
1172 1355 1204 1408 ut
1218 1368 1296 1409 nuuc
1311 1351 1379 1428 qui-

240 1431 307 1492 dem
333 1437 399 1490 suut
419 1433 562 1491 editiones
582 1433 782 1507 Herodoteae,
807 1435 1016 1495 Belrlrerianam
1037 1436 1119 1509 dico,
1148 1433 1307 1494 rectissime
1329 1454 1380 1494 re-

239 1515 341 1573 stituta
357 1522 441 1590 sont,
469 1515 524 1575 hac
545 1518 672 1577 editione
692 1520 817 1597 innitar,
844 1525 874 1579 et
901 1540 935 1579 er
956 1539 1075 1579 numero
1096 1518 1233 1577 contrarii
1258 1520 1378 1594 generis

240 1599 277 1656 ad
298 1598 529 1659 (iaisiordianam
548 1595 727 1679 polissimnm
755 1605 914 1683 respiciam.
966 1605 1018 1664 Illa
1043 1604 1117 1663 enim
1140 1602 1248 1679 editio,
1277 1622 1380 1680 quam·

239 1700 326 1759 quam
344 1685 485 1762 permulta
503 1684 530 1743 ei
551 1686 657 1763 insunt,
674 1705 749 1765 quae
767 1708 872 1747 vereor
891 1695 925 1748 ut
944 1689 1074 1747 omnibns
1093 1687 1262 1766 probentur,
1281 1694 1380 1748 tamen

238 1766 331 1843 prima
352 1770 530 1844 quorundam
548 1771 699 1831 verborum
720 1774 910 1832 constantiam
931 1775 1084 1851 quandam,
1104 1790 1123 1830 a
1145 1772 1262 1829 Stravio
1282 1773 1381 1849 potis-

240 1849 341 1910 simum
358 1853 418 1928 jam
439 1862 506 1912 aune
527 1855 770 1934 demonstratam,
797 1868 949 1937 persecuta
970 1865 1015 1916 eat
1026 1897 1036 1934 ,
1060 1876 1146 1935 quum
1167 1856 1237 1914 haec
1258 1858 1382 1933 saepius

241 1935 326 2034 etiarn
346 1937 549 2079 ptollocationes
569 1940 650 2019 ipsas
668 1943 798 2002 codicnrn
818 1941 864 2002 vel
886 1942 1066 2020 negligenter
1087 1940 1216 2000 tractarit
1228 1940 1274 1999 rel
1290 1939 1382 2020 plene

241 2035 346 2080 omnen
371 2068 379 2085 .
