2942 4900
401 140 448 202 ue
470 142 591 203 dialecto
613 145 779 212 Herodotus
800 146 847 206 lib.
871 148 894 210 1.
1173 149 1214 212 87

85 325 143 366 rum
163 305 304 383 quidem,
329 306 379 383 qui
407 309 462 368 soli
489 309 561 387 ipsis
582 309 620 368 ab
646 312 809 371 editoribus
833 313 976 373 Herodoti
1001 323 1068 376 sunt
1087 319 1220 399 inspecti,

84 393 157 451 Fet
178 392 224 465 S.,
246 410 334 469 quum
353 392 469 470 saepius
493 401 632 461 taceatur,
656 398 725 472 quid
747 397 775 454 iri
797 397 843 454 his
865 399 1003 474 scriptum
1025 406 1127 477 exstet,
1149 407 1219 481 quid

83 495 136 536 nun
153 472 299 553 cistert),
320 477 411 535 nostri
433 477 519 553 igitur
533 478 692 538 Herodotei
715 481 830 540 codices
852 483 897 539 ita.
913 486 1071 560 comparati
1091 496 1169 561 sunt,
1189 495 1221 547 ut

84 560 127 619 ubi
148 579 223 618 unus
251 566 301 620 aut
326 560 398 619 alter
418 562 615 621 Herodoteam
641 566 784 640 quandam
809 566 925 623 sormam
946 569 1082 645 praebet,
1111 570 1150 628 ibi
1172 572 1218 629 alii

85 643 203 703 Atticam
224 651 276 703 aut
294 644 376 703 aliam
397 643 550 721 quamlibet
571 645 697 706 sednon
716 649 912 708 Heroiloteam
934 651 1095 731 exhibeant,
1118 660 1149 713 et
1170 657 1218 713 ubi

85 730 118 802 ii,
141 730 188 805 qui
217 731 308 787 modo
331 729 426 806 aliquo
455 730 485 787 in
511 729 584 789 loco·
599 733 751 808 genuina‘m
773 732 915 796 habebant
944 737 1131 816 scripturam,
1159 758 1217 798 non

85 812 275 872 Herodoteam
295 813 456 892 praebent,
474 814 513 873 ibi
535 817 573 891 ii,
598 817 645 892 qui
666 819 752 875 modo
775 817 862 876 falsas
884 819 1041 897 scripturas
1061 822 1218 900 habehant,

87 902 171 956 rectas
184 898 357 975 praebeant.
399 898 452 956 cui
471 900 629 976 variationi,
651 920 738 977 quum
753 902 867 961 minime
881 902 964 961 nobis
979 911 1106 965 statuere
1122 907 1216 983 liceat,

86 981 258 1042 Herodotum
278 983 353 1040 idem
375 981 544 1042 vocabulum
564 985 824 1062 vocabulorumque
839 1006 930 1063 genus
949 990 1036 1047 modo
1054 991 1108 1050 hac
1128 993 1216 1051 inodo

86 1065 127 1123 illa
145 1066 239 1125 lorma
261 1085 434 1145 usurpasse,
456 1073 484 1125 et
506 1088 593 1146 quum
614 1088 714 1146 parum
735 1072 871 1148 praesidii
892 1071 960 1129 insit
981 1074 1100 1149 siugulis
1121 1077 1151 1133 in
1170 1076 1215 1133 lo·

88 1151 136 1224 cis,
163 1151 204 1207 sic
235 1152 444 1209 occurrendum
470 1171 536 1211 esse
558 1151 686 1228 videtur,
713 1160 745 1211 ut
770 1155 897 1214 collectis
923 1157 1006 1215 unius
1027 1160 1214 1236 ejusdemque

87 1232 202 1292 vocabuli
222 1235 484 1312 vocabulorumquc
506 1238 621 1311 generis
642 1239 780 1317 exemplis
804 1239 945 1317 omnibus,
964 1243 1077 1301 ratione
1098 1263 1215 1320 quoque

88 1319 188 1378 inloco
208 1319 342 1377 codicum
359 1320 500 1397 scriptura
517 1321 631 1397 habita,
654 1335 790 1381 summam
802 1324 954 1399 ,quandam
976 1325 1021 1382 vel
1043 1327 1214 1404 depravatu·

90 1422 139 1460 nun
158 1403 201 1460 vel
219 1409 366 1462 rectarum
387 1403 542 1463 formarum
563 1406 753 1465 siibdircamus
772 1414 858 1483 atque
881 1409 1072 1483 conseramus,
1090 1411 1214 1487 indeque

92 1488 190 1545 codices
210 1487 296 1564 ipsos
316 1489 392 1546 iuter
404 1508 439 1547 se
460 1490 650 1552 conciliemus.
693 1490 857 1550 Restabant
870 1497 963 1550 tamen
980 1493 1122 1552 interdum
1138 1511 1213 1552 oon·

88 1569 144 1628 nulli
169 1571 240 1647 loci,
271 1572 320 1629 ubi
352 1573 467 1633 codices
490 1594 588 1632 omues
612 1595 721 1633 summo
744 1594 886 1633 consensu
914 1574 952 1651 (si
975 1578 1048 1635 enim
1070 1577 1211 1636 silentium
1253 1631 1256 1634 .

90 1673 187 1731 eorum,
211 1656 259 1733 qui
283 1656 415 1726 codicum
435 1658 674 1717 conserendorum
694 1678 796 1716 munus
817 1660 846 1718 in
871 1679 903 1717 se
924 1667 1127 1738 susceperunt,
1155 1682 1210 1739 pro

90 1757 214 1798 consensu
238 1747 288 1798 est
319 1738 493 1821 habendum)
523 1749 623 1802 contra
650 1743 850 1801 Herodoteuin
871 1762 953 1801 usum
975 1745 1117 1812 nituntur3
1147 1749 1210 1821 seii,

90 1841 172 1899 quum,
190 1830 222 1883 ut
242 1826 389 1903 pessimos
411 1839 613 1903 nunnunquam
631 1847 693 1886 cum
715 1827 970 1905 praestantissimis
987 1830 1152 1906 conspirare
1166 1831 1210 1886 vi·
1237 1851 1245 1856 ’

90 1907 168 1967 dinus
186 1915 213 1967 et
224 1911 356 1987 optimos
371 1909 444 1967 salsa
460 1909 631 1983 exhibuisse,
653 1911 694 1969 sic
715 1912 802 1969 etiam
820 1911 881 1969 heri
898 1913 1038 1989 potuerit,
1058 1919 1089 1970 ut
1109 1932 1210 1971 omnes

89 1994 240 2069 superstites
267 1993 442 2071 quibusdam
472 1995 501 2051 iu
530 1994 601 2053 locis
626 1997 701 2053 malo
727 1996 764 2052 de
787 1994 938 2070 exemplari
967 1995 1210 2071 describerentur,

90 2075 200 2152 maleque
220 2079 370 2156 descripta
391 2079 587 2153 servarentur,
609 2079 678 2139 nihil
700 2099 755 2137 uos
775 2079 915 2157 impedire
936 2079 1038 2153 video,
1058 2081 1210 2156 quominus

89 2159 139 2218 istis
161 2163 187 2219 iu
207 2163 300 2238 locis,
326 2161 480 2221 dummodo
503 2163 640 2241 pleraque
661 2162 790 2240 exempla
812 2160 929 2239 regulae
947 2181 981 2222 ac
1001 2182 1119 2222 normae
1142 2183 1209 2222 sese

92 2248 365 2324 accommodaverim,
393 2267 514 2326 prorsus
541 2249 669 2308 codicum
690 2248 763 2311 Mss.
793 2248 991 2306 auctoritatem
1017 2247 1209 2325 negligamus,

91 2366 266 2383 Μ...

146 2425 173 2494 *)
188 2428 254 2482 Vide
270 2427 460 2483 Praelatioues
477 2428 637 2499 wesseling.
657 2435 684 2483 et
702 2428 854 2498 Schweigh.
880 2458 915 2468 -
941 2428 1054 2496 struve,
1073 2428 1153 2497 Spec.
1170 2428 1205 2497 u,

92 2511 114 2564 p.
129 2496 170 2561 15;
186 2497 233 2562 iu,
251 2518 284 2568 p.
303 2498 360 2550 let
369 2499 396 2556 5.
413 2528 449 2537 -
467 2502 526 2563 Qun
545 2501 572 2551 iu
590 2500 729 2551 occasione
746 2501 837 2550 tacere
854 2515 905 2550 uon
924 2514 1039 2565 possum,
1057 2499 1121 2565 quin
1139 2515 1205 2566 quc-

92 2579 126 2614 rir
139 2565 166 2616 de
181 2565 364 2620 illiberalitute
381 2569 492 2636 quadam
512 2579 540 2621 et
557 2568 751 2633 occultatione,
771 2569 798 2617 iu
815 2584 869 2635 qua
886 2567 1036 2619 absconditi
1054 2567 1206 2634 plerumque

92 2632 213 2687 utiucutui
230 2637 340 2690 codices
357 2638 531 2706 manuscripti
553 2636 588 2688 iis
610 2635 734 2701 inlusis,
760 2636 806 2688 ubi
829 2635 909 2688 semel
934 2644 997 2687 suut
1014 2635 1107 2704 positi.
1143 2636 1205 2688 Mea

92 2701 178 2767 quidem
198 2723 228 2758 ex
250 2705 386 2761 sententia
408 2723 498 2758 omues
522 2712 624 2774 quotqu
643 2713 654 2756 t
676 2710 819 2773 supersiuit
841 2702 958 2769 cujusvis
981 2703 1074 2769 scripti
1100 2703 1205 2755 codices

92 2773 237 2843 uinnscripti
255 2774 381 2828 omnibns
399 2792 457 2831 cum
476 2774 550 2827 vitiis
569 2723 743 2840 omnibusque
761 2789 818 2824 cum
836 2771 928 2840 siguis,
950 2769 1061 2836 lineolis,
1079 2770 1203 2824 ductibus

93 2840 262 2896 corruiturus
284 2843 540 2913 diligentissimeque
557 2841 632 2912 typis
650 2839 817 2893 describendi
829 2846 899 2906 suut,
917 2844 1054 2891 uteorum
1073 2839 1204 2908 exemplu·
1256 2860 1260 2865 ·

94 2905 123 2961 rii
135 2925 212 2965 omues
228 2912 364 2966 iu'terras
380 2929 521 2982 omnesque
532 2911 559 2963 in
577 2909 751 2963 bibliothecas
761 2909 933 2976 ’omniumque
950 2908 978 2960 iii
997 2923 1088 2960 manns
1103 2907 1204 2960 dimitti

95 2977 185 3042 poium.
218 2983 409 3035 obmutescent
425 2992 480 3034 tum
497 2980 639 3049 querelae,
662 2979 779 3033 fortuma
801 2994 871 3030 nuuc
893 2977 997 3045 quidem
1014 2975 1143 3029 interdurn
1161 2977 1203 3030 in·

95 3059 155 3167 tt’
181 3047 213 3169 t
230 3051 356 3134 'Q’
383 3049 551 3172 llilentia
569 3047 972 3170 tutil¹¹ttz⁵tu¹¹⁸tta
1001 3045 1203 3168 illidii?

96 3186 116 3231 et
137 3134 271 3255 teillpoiises
279 3136 438 3245 rillliodlbdb¹
456 3135 567 3254 ppetqqq
580 3135 627 3238 sqq
655 3185 732 3237 iidem
759 3135 864 3236 dodice’s
889 3128 1080 3247 Mss.‚qdoillec
1098 3134 1201 3237 eboru-

97 3250 200 3306 nunitute
216 3257 339 3325 disjuncti
359 3257 536 3321 occultentur,
561 3272 610 3308 suu
627 3263 723 3323 sponte
742 3255 924 3322 patentiore,
945 3260 975 3304 ut
989 3269 1094 3321 semper
1111 3255 1201 3305 eodeni

97 3318 154 3371 nodo
169 3326 325 3392 conterendi,
345 3326 459 3379 novandi
471 3334 499 3378 et
511 3323 625 3377 iterandi
637 3323 701 3379 siut.
738 3324 807 3376 'Puni
825 3323 903 3375 otiam
921 3321 1033 3374 celerius
1051 3338 1082 3374 ac
1097 3321 1202 3374 felicius

97 3388 193 3444 iniibus
209 3394 234 3446 iri
252 3396 375 3463 partibus
390 3393 563 3461 antiquitatis
585 3392 734 3447 studiorum
752 3409 799 3445 uos
817 3390 1006 3470 procedemus,
1032 3389 1132 3471 quippe
1153 3392 1203 3456 qui

96 3470 166 3571 pines
181 3478 225 3515 uos
242 3463 329 3516 edocti
346 3463 483 3533 primarios
490 3464 606 3526 tontes,
624 3461 744 3515 omnium.
756 3469 808 3513 tum
826 3461 852 3510 iu
871 3458 1094 3525 disputationibus
1111 3460 1200 3524 quoti-

98 3524 264 3652 little
282 3524 1200 3663 ³⁰'Pim'l'l'irili‘rlliir‘lm’rhlr‘'¹llijl‡lllirl‘lliliili

97 3616 461 3740 uideoqueq‚⁸1ldldq1lldeu
486 3669 514 3721 iri
538 3668 594 3720 dies
617 3616 754 3735 magih'his
769 3637 899 3718 inilueiito
919 3671 1056 3731 segnius,
1080 3664 1199 3746 ueniant.

97 3727 159 3801 Atqui
173 3734 356 3806 inscriptiones
373 3745 491 3792 veterum
509 3754 597 3790 nouus
613 3738 683 3789 sicut
700 3737 827 3789 inventae
839 3742 903 3786 suut
912 3733 986 3801 typis
1012 3733 1199 3785 describendas

97 3811 200 3856 urrinni
211 3822 245 3858 ac
262 3809 377 3862 curanti
412 3810 509 3861 Nonne
526 3806 573 3859 alii
590 3804 697 3874 quidam
717 3804 822 3857 codices
834 3803 901 3858 lllss.
922 3800 1009 3869 paullo
1027 3810 1089 3868 post
1106 3802 1198 3852 inven-

97 3870 136 3942 iti!
149 3877 355 3945 typographicam
378 3884 479 3946 artem,
501 3876 539 3929 sic
561 3882 592 3928 iit
611 3881 701 3939 eraut,
725 3873 854 3941 exscripti
878 3876 940 3924 suut
962 3868 1103 3951 typis‚”ut
1128 3869 1199 3952 nplla

96 3941 274 4014 iniussuque
290 3963 368 4000 causa
386 3947 448 3999 mihi
466 3944 571 4015 quidem
589 3944 698 3995 subesse
717 3941 848 4006 videatur,
867 3956 914 3994 cur
931 3940 1008 3991 ctiam
1027 3937 1086 3989 aliis
1099 3939 1198 3990 codici-

97 3999 134 4054 bus
149 4011 235 4076 majore
251 4030 307 4067 oum
326 4016 483 4078 detrimento
506 4014 534 4065 id
560 4011 715 4066 beneficium
741 4015 905 4078 denegetur,
936 4007 1092 4088 iiraesertim
1118 4024 1196 4089 quarn

98 4072 158 4128 tilam
173 4078 212 4131 alii
229 4083 269 4135 liis
286 4086 312 4137 iii
329 4085 423 4136 studiis
441 4100 555 4137 summae
573 4080 740 4134 auctoritatis
758 4080 810 4131 viri
828 4078 924 4131 uostris
942 4077 1102 4144 temporibus
1121 4092 1147 4125 in
1165 4078 1197 4128 li·

98 4137 141 4194 hiis
156 4155 263 4205 veterum
287 4172 302 4207 e
322 4153 459 4207 codicibus
478 4152 544 4208 Mis.
571 4151 681 4221 primum
704 4148 813 4202 edendis
836 4149 935 4201 versuti
955 4160 1038 4226 nquam·
1047 4143 1197 4197 fidelissime

99 4208 165 4273 iiiut
179 4215 204 4269 iu
221 4221 333 4276 editione
352 4222 470 4277 codicum
488 4220 646 4309 scripturum
665 4219 825 4287 reddendam
843 4234 901 4270 esse
920 4219 1078 4267 censuerint.
