2942 4900
238 220 280 286 86
553 222 599 282 De
620 219 933 302 dialectollerndotea
954 220 1003 278 lib.
1025 221 1058 280 1.·

237 393 334 473 potius
354 392 553 470 conjungenda
573 391 623 469 sit,
641 409 700 454 non
716 409 779 448 cnm
796 384 922 458 radron}
946 388 1024 465 quod
1043 403 1130 466 quum
1149 389 1210 449 fieri
1230 389 1288 449 lroc
1309 391 1374 450 loco
1467 384 1468 387 ¹

237 497 296 536 non
312 496 400 555 posse
414 481 529 554 pateat,
558 476 586 533 iu
607 475 719 551 vulgari
739 476 858 533 istorum
879 473 1030 532 verborum
1048 473 1235 533 collocatione
1254 477 1376 552 acquie-

238 563 373 620 scendum
389 567 446 636 est,
457 561 626 620 confirmata
640 561 725 619 etiam
741 557 874 635 Aeschyli
889 558 1010 636 quodam
1025 557 1100 632 loco,
1116 561 1165 636 qui
1179 565 1225 617 est
1239 560 1374 638 Clroeplr.

238 658 282 704 vs.
305 650 366 706 769.
389 646 607 726 pilardentona
628 633 727 723 ὦνπερ
751 638 790 706 ἂν
812 641 885 729 μέλῃ
906 641 984 720 πέρι.
1010 673 1046 685 -
1073 644 1123 702 Vl.
1147 647 1199 703 109
1219 645 1373 703 ediderunt

238 730 330 818 §aisti
354 730 391 794 al.
416 750 479 789 cnm
498 732 532 788 S.
554 730 587 792 V.
611 729 682 789 lraec
702 728 791 787 rerba
812 729 856 787 sic
876 729 1029 786 collocata:
1051 719 1154 806 ἡμέων
1176 730 1242 809 ὁλχα
1266 729 1374 812 μίνυν-

237 827 286 894 νσι
308 815 342 876 al
361 820 492 896 γνῶμαι,
515 817 576 875 coin
597 812 651 894 plu
669 806 853 876 κελευόντων
873 811 1065 895 συμβαλέειν,
1088 817 1149 875 τῶν
1171 811 1203 875 dl
1225 806 1263 875 cri
1288 833 1373 894 συμ-

239 898 368 978 βαλέειν.
414 900 468 958 Alii
490 898 570 977 (edd,
593 904 661 962 vett.
681 895 788 973 Belli.)
807 916 871 957 cum
894 897 981 961 codd,
1003 895 1038 954 F.
1062 897 1089 956 b.
1110 902 1173 959 τῶν
1191 894 1247 975 μὲν
1272 905 1382 962 astru--

239 979 345 1058 όντων,
375 987 434 1046 τῶν
455 983 486 1047 ὄλ
507 980 546 1045 od
565 981 759 1064 συμβαλέειν,
788 983 842 1040 sed
862 1000 900 1040 ne
921 983 963 1039 sic
985 982 1100 1058 quidem
1121 989 1199 1041 recte
1220 994 1291 1051 sumt
1313 1005 1374 1062 po-

237 1071 309 1138 s‘ita3
339 1087 425 1145 quum
451 1069 527 1128 enirn
554 1068 736 1145 negationem
760 1061 818 1141 od,
844 1070 930 1123 acuto
960 1071 1107 1141 notatam,-
1135 1074 1165 1125 et
1195 1066 1317 1127 aliorum
1347 1074 1378 1128 et

237 1155 328 1231 ipsius
349 1151 492 1224 Herodoti
516 1153 612 1210 mullis
639 1151 775 1230 exemplis
801 1149 991 1212 demonstrari
1018 1152 1112 1232 possit
1138 1152 1167 1213 in
1195 1152 1253 1211 fine
1281 1154 1375 1227 totius

238 1239 377 1297 enuntiati
398 1239 562 1316 ponendam
586 1255 669 1311 esse,
699 1234 769 1295 nihil
795 1234 962 1311 relinquitur
989 1235 1084 1310 dubii,
1111 1238 1180 1313 quin
1208 1236 1255 1295 bic
1283 1257 1315 1297 a¹
1328 1257 1376 1297 me

238 1323 405 1400 propositus
426 1322 578 1381 verborum
600 1322 673 1379 ordo
694 1319 774 1379 solus
794 1319 833 1377 sit
853 1321 1011 1394 genuinus:
1034 1322 1093 1382 coir
1114 1319 1167 1398 μὲν
1185 1315 1376 1386 κελευόντων

239 1408 423 1487 συμβαλεῖν,
445 1409 507 1467 τῶν
527 1404 559 1469 dl
576 1398 631 1470 bri.
653 1398 693 1482 ἢν
713 1403 767 1483 μέν
791 1426 849 1466 νυν
867 1428 897 1465 ν.
916 1427 941 1466 τ.
963 1408 989 1464 λ.

324 1488 419 1558 Quum
440 1490 527 1566 igitur
549 1489 723 1565 viderimus,
740 1494 808 1547 tam
829 1488 932 1548 multas
955 1488 1043 1547 luisse
1066 1506 1185 1561 causas,
1211 1491 1377 1568 exquibus

237 1582 296 1635 tam
317 1574 479 1634 deformata
500 1574 669 1634 Herodotus
689 1572 783 1633 oratio
804 1572 965 1646 exsisteret,
986 1591 1081 1650 ueqnc
1100 1575 1216 1633 omnino
1234 1594 1305 1636 vere
1322 1576 1376 1634 Fr.

238 1659 275 1718 A.
290 1659 422 1718 Wolllum
442 1659 592 1736 (Prolcgg.
612 1679 642 1737 p.
660 1656 715 1735 Vl)
735 1657 791 1716 sibi
809 1658 1047 1718 animadvertisse
1067 1657 1157 1716 visum
1176 1678 1242 1719 esse
1259 1665 1378 1738 pateat,

170 1780 176 1790 ι
238 1762 321 1820 qnam
349 1763 442 1823 prope
468 1762 604 1820 germano
631 1742 719 1801 nitori
745 1742 876 1802 redditos
899 1742 1069 1802 haberemus
1098 1742 1238 1802 Herodoti
1269 1745 1378 1822 libros,

237 1830 333 1888 metim
348 1829 478 1906 quaestio
493 1829 636 1889 exoriatur
650 1846 771 1888 necesse
782 1833 837 1903 est,
852 1847 926 1904 quae
941 1826 986 1885 via
1000 1845 1131 1903 quaeque
1142 1829 1214 1886 ratio
1229 1829 1318 1888 nobis
1336 1830 1381 1887 sit

237 1913 437 1989 ingredienda,
456 1919 488 1971 ut
505 1913 555 1971 illa
575 1931 662 1989 quam
678 1912 798 1974 maxime
819 1912 942 1988 genuina
959 1913 1127 1987 sinceraque
1143 1913 1287 1973 reddatur.
1334 1914 1380 1972 Et

238 1998 316 2057 dicat
335 1999 456 2075 aliquis,
477 1998 565 2056 libros
587 2000 624 2057 de
643 1997 774 2056 dialectis
796 1998 989 2074 compositos,
1011 2015 1028 2054 a
1049 1995 1254 2055 recentioribus
1276 1995 1378 2057 doctis

237 2083 306 2141 siris
325 2082 480 2143 utilissimis
499 2082 732 2142 adnotationibus
752 2080 926 2155 illustratos,
951 2081 1068 2140 multum
1086 2081 1181 2144 uobis
1200 2100 1291 2160 pesse
1318 2082 1379 2143 boc

237 2168 266 2227 in
288 2168 407 2244 negotio
433 2169 592 2246 prodesse3
619 2184 653 2225 ac
680 2181 780 2224 revera
801 2165 897 2241 aliqua
917 2171 1057 2244 exparte
1077 2172 1212 2246 prosunt,
1235 2167 1379 2245 imprimis

238 2249 440 2312 Scbaeseriana
461 2250 512 2311 illa
529 2249 662 2326 Gregorii
678 2249 820 2309 Corinthii
839 2248 902 2307 libri
923 2251 961 2309 de
979 2250 1101 2312 Graecis
1123 2251 1253 2311 dialectis
1271 2252 1379 2327 ennio,

237 2334 577 2412 multisdoctissimisque
595 2336 732 2393 instructa
746 2335 964 2396 commentariis.
1006 2335 1066 2394 Sed
1087 2335 1200 2394 bilibri
1221 2351 1378 2396 recensum

237 2425 345 2479 tantum
368 2419 477 2497 aliquot
497 2420 649 2479 formarum
671 2419 862 2481 dictionumve
884 2438 918 2481 ex
943 2415 1057 2499 quaque
1076 2420 1201 2481 dialecto
1221 2427 1377 2503 excerpta-

237 2524 298 2564 rum
320 2505 472 2583 exhibent,
498 2524 590 2583 neque
618 2503 916 2584 cnm-plenissimum,
943 2522 1037 2582 neque
1059 2507 1130 2584 satis
1151 2507 1376 2585 distinguentem

236 2591 313 2649 iuter
332 2591 411 2650 varia
430 2593 566 2669 cujusque
584 2590 701 2651 dialecti
720 2607 828 2668 genera
852 2595 883 2648 et
903 2591 1085 2669 scriptorum,
1105 2593 1153 2668 qrn‘
1170 2592 1207 2651 iis
1227 2593 1272 2653 usi
1297 2600 1377 2657 sunt.

119 2720 122 2727 ,
165 2706 186 2719 κ
237 2675 302 2734 Nec
325 2694 393 2734 vero
405 2720 413 2749 ,
435 2676 545 2737 etiamsi
567 2675 679 2754 singula
700 2693 851 2753 quaeque,
873 2694 946 2753 quae
967 2674 1003 2733 ab
1025 2675 1296 2753 aliisvscriptoribus
1318 2677 1378 2736 alia

238 2762 390 2820 occasione
411 2763 447 2820 ad
468 2762 541 2820 lianc
563 2780 621 2821 rem
643 2763 817 2839 pertinentia
838 2760 1050 2835 traditasunt,
1075 2760 1293 2839 diligeqtissimc
1314 2761 1380 2819 col-

237 2845 311 2904 lecta
331 2847 542 2920 addiderimus,
572 2856 602 2906 et
627 2848 669 2905 ita
690 2846 784 2904 omnia
804 2846 907 2922 cuique
929 2844 1050 2907 dialecto
1071 2846 1223 2924 peculiaria
1238 2847 1267 2903 in
1289 2864 1378 2905 uuum

238 2939 422 3008 conspectum
448 2932 641 3007 coegerimus,
670 2929 700 2990 id
726 2932 804 3007 quod
820 2930 991 2989 novissimis
1009 2931 1187 3009 temporibus
1208 2930 1325 2989 Giesius
1346 2936 1379 2990 et

238 3014 351 3073 Alrrens
372 3016 539 3073 doctissime
562 3016 657 3074 lacere
676 3010 898 3095 inceperunt*),
927 3034 1116 3091 magnacum
1139 3017 1235 3073 snrctu
1260 3015 1290 3073 in
1310 3022 1381 3075 arte

238 3099 354 3172 critica,
375 3100 414 3155 ud
436 3098 509 3158 bunc
530 3099 576 3158 vel
596 3098 674 3158 illum
694 3100 864 3178 scriptorem
884 3100 1063 3176 adhibenda,
1084 3100 1244 3178 procedere
1259 3102 1379 3177 poteri-

239 3201 313 3258 mus,
332 3183 385 3243 nisl
405 3185 565 3244 accuratius
581 3186 611 3243 in
628 3184 711 3261 lrujus
732 3185 826 3261 unius,
847 3202 931 3261 quem
951 3190 1118 3260 tractoenus,
1138 3185 1286 3263 smiptoris
1305 3204 1379 3262 prc-

238 3268 329 3345 priam
349 3268 502 3327 dictionem
524 3270 727 3348 propriumque
748 3280 829 3328 muni
852 3269 1036 3346 inquiramus.
1079 3270 1185 3346 Neque
1207 3269 1283 3327 enim
1303 3270 1379 3327 mul·

239 3359 297 3410 tum
320 3352 452 3429 arljuvat‚
473 3372 558 3430 quum
580 3354 689 3413 formae
706 3356 848 3430 quaedam
869 3353 913 3412 vel
931 3354 1071 3413 dictiones
1092 3356 1244 3413 traduntur
1260 3353 1379 3415 lonicae

239 3456 315 3512 esse,
339 3457 395 3515 qua
416 3439 453 3495 de
475 3457 507 3496 re
525 3438 693 3516 plerumque
715 3437 791 3496 nulla
812 3445 857 3498 est
877 3437 1030 3514 dubitatio,
1052 3439 1078 3497 si
1097 3439 1262 3516 ignoramus
1281 3444 1379 3497 utrum

239 3523 423 3582 Herodoteae
441 3522 506 3581 illae
527 3524 586 3581 sint
599 3542 636 3581 au
654 3522 723 3581 alius
738 3523 828 3582 Ionici
846 3523 1011 3602 scriptoris3
1029 3524 1054 3581 si
1068 3524 1244 3602 ignoramus,
1264 3524 1380 3583 erm-si

197 3604 201 3609 ⁴
239 3614 351 3665 constet
374 3608 551 3666 Herodotum
579 3627 629 3665 eas
650 3624 821 3684 usurpasse,
845 3613 939 3666 utrum
961 3624 1076 3686 semper
1100 3608 1136 3666 iis
1160 3628 1231 3668 usus
1254 3608 1322 3684 sit,¹
1340 3608 1379 3671 an

240 3690 301 3748 aliis
324 3691 352 3747 in
375 3690 446 3748 locis
468 3692 524 3750 alia
538 3692 692 3750 admiserit.
735 3692 832 3759 Quare
841 3711 945 3755 rursus
959 3694 998 3753 ad
1015 3698 1131 3755 nostros
1144 3694 1379 3770 corruptissimos
1403 3732 1408 3743 ·

240 3774 356 3833 codices
378 3770 449 3834 Mes.
479 3776 562 3835 nobis
585 3774 807 3851 confugiendum
828 3782 882 3836 est.
925 3778 986 3835 Sed
1006 3777 1073 3851 hi„
1083 3796 1253 3855 quamquam
1273 3779 1380 3839 nullius

240 3858 334 3917 adbuc
355 3859 462 3917 codicis
483 3867 643 3919 accuratam
663 3866 898 3938 constantemque
912 3861 1050 3923 babemus
1063 3862 1258 3939 nudationem,
1274 3882 1316 3923 ac
1327 3882 1381 3924 eo-

247 4002 447 4011 -—---—.-—

311 4097 344 4161 *l
372 4094 409 4146 Et
425 4092 512 4146 Giesii
536 4092 641 4162 quidem
667 4093 735 4146 liber
766 4095 799 4149 ds
822 4095 936 4149 dialecto
960 4095 1067 4149 Aeolica
1091 4096 1257 4164 conscriptus
1280 4095 1310 4148 iu
1330 4095 1387 4149 buc.

242 4160 301 4229 ipsa
319 4162 433 4216 dialecto
456 4162 594 4216 tractanda
616 4163 753 4230 constitit,
778 4163 841 4233 quia
858 4173 952 4219 unctor
966 4172 1134 4233 praematura
1152 4172 1234 4218 morte
1252 4165 1382 4236 abreptus

241 4237 302 4294 est;
328 4231 436 4285 alterius
456 4237 542 4284 nutum
561 4231 640 4285 etiam
659 4231 768 4284 alterum
789 4232 908 4287 volumen
928 4231 962 4286 (le
979 4233 1091 4287 dialecto
1108 4234 1207 4287 Dorica
1232 4249 1318 4305 nuper
1341 4240 1384 4288 est

243 4296 356 4364 eduum,
373 4301 442 4370 quod
464 4299 568 4369 quidem
588 4308 616 4354 ut
633 4301 812 4356 nanciscerem
830 4302 944 4367 nondum
962 4304 1025 4357 milri
1044 4303 1168 4372 condgit.
