<?xml version="1.0" encoding="UTF-8"?>
<!DOCTYPE html PUBLIC "-//W3C//DTD XHTML 1.0 Transitional//EN"
    "http://www.w3.org/TR/xhtml1/DTD/xhtml1-transitional.dtd">
<html xmlns="http://www.w3.org/1999/xhtml" xml:lang="en" lang="en">
 <head>
  <title>
</title>
<meta http-equiv="Content-Type" content="text/html;charset=utf-8" />
  <meta name='ocr-system' content='tesseract 3.04.00' />
  <meta name='ocr-capabilities' content='ocr_page ocr_carea ocr_par ocr_line ocrx_word'/>
</head>
<body>
  <div class='ocr_page' id='page_1' title='image "./quaestionumcrit02bredgoog/quaestionumcrit02bredgoog_0025.png"; bbox 0 0 2942 4900; ppageno 0'>
   <div class='ocr_carea' id='block_1_1' title="bbox 483 1217 922 1319">
    <p class='ocr_par' dir='ltr' id='par_1_1' title="bbox 483 1217 922 1319">
     <span class='ocr_line' id='line_1_1' title="bbox 483 1217 922 1319; baseline 0.005 -5"><span class='ocrx_word' id='word_1_1' title='bbox 483 1217 660 1315; x_wconf 81' lang='lat' dir='ltr'><strong>llllllll</strong></span> <span class='ocrx_word' id='word_1_2' title='bbox 690 1218 922 1319; x_wconf 80' lang='lat' dir='ltr'><strong>PltlllllS.</strong></span> 
     </span>
    </p>
   </div>
   <div class='ocr_carea' id='block_1_2' title="bbox 113 1568 1276 3965">
    <p class='ocr_par' dir='ltr' id='par_1_2' title="bbox 113 1568 1276 3965">
     <span class='ocr_line' id='line_1_2' title="bbox 125 1568 1275 1687; baseline 0.007 -25"><span class='ocrx_word' id='word_1_3' title='bbox 125 1568 198 1673; x_wconf 59' lang='lat' dir='ltr'><strong>lius</strong></span> <span class='ocrx_word' id='word_1_4' title='bbox 225 1612 351 1685; x_wconf 86' lang='lat' dir='ltr'><strong>tempore</strong></span> <span class='ocrx_word' id='word_1_5' title='bbox 373 1605 452 1681; x_wconf 89' lang='lat' dir='ltr'><strong>Papa</strong></span> <span class='ocrx_word' id='word_1_6' title='bbox 475 1603 625 1681; x_wconf 88' lang='lat' dir='ltr'><strong>Nicolaus,</strong></span> <span class='ocrx_word' id='word_1_7' title='bbox 654 1607 736 1681; x_wconf 85' lang='lat' dir='ltr'><strong>hujus</strong></span> <span class='ocrx_word' id='word_1_8' title='bbox 759 1607 877 1665; x_wconf 85' lang='lat' dir='ltr'><strong>nominis</strong></span> <span class='ocrx_word' id='word_1_9' title='bbox 900 1605 1029 1685; x_wconf 89' lang='lat' dir='ltr'><strong>quintus,</strong></span> <span class='ocrx_word' id='word_1_10' title='bbox 1061 1627 1174 1686; x_wconf 88' lang='lat' dir='ltr'><strong>omnes,</strong></span> <span class='ocrx_word' id='word_1_11' title='bbox 1199 1628 1275 1687; x_wconf 89' lang='lat' dir='ltr'><strong>quae</strong></span> 
     </span>
     <span class='ocr_line' id='line_1_3' title="bbox 127 1688 1275 1768; baseline 0.007 -23"><span class='ocrx_word' id='word_1_12' title='bbox 127 1690 241 1765; x_wconf 87' lang='lat' dir='ltr'><strong>quidem</strong></span> <span class='ocrx_word' id='word_1_13' title='bbox 265 1699 332 1749; x_wconf 90' lang='lat' dir='ltr'><strong>tuuc</strong></span> <span class='ocrx_word' id='word_1_14' title='bbox 358 1688 395 1749; x_wconf 50' lang='lat' dir='ltr'><strong>in¹</strong></span> <span class='ocrx_word' id='word_1_15' title='bbox 409 1689 488 1747; x_wconf 87' lang='lat' dir='ltr'><strong>ltalia</strong></span> <span class='ocrx_word' id='word_1_16' title='bbox 513 1691 708 1768; x_wconf 79' lang='lat' dir='ltr'><strong>innotuerant,</strong></span> <span class='ocrx_word' id='word_1_17' title='bbox 734 1690 905 1751; x_wconf 89' lang='lat' dir='ltr'><strong>Graecorum</strong></span> <span class='ocrx_word' id='word_1_18' title='bbox 928 1691 1033 1752; x_wconf 79' lang='lat' dir='ltr'><strong>litteras</strong></span> <span class='ocrx_word' id='word_1_19' title='bbox 1062 1695 1088 1751; x_wconf 91' lang='lat' dir='ltr'><strong>in</strong></span> <span class='ocrx_word' id='word_1_20' title='bbox 1118 1706 1275 1753; x_wconf 87' lang='lat' dir='ltr'><strong>sermonem</strong></span> 
     </span>
     <span class='ocr_line' id='line_1_4' title="bbox 124 1773 1276 1856; baseline 0.008 -27"><span class='ocrx_word' id='word_1_21' title='bbox 124 1773 242 1831; x_wconf 88' lang='lat' dir='ltr'><strong>latinum</strong></span> <span class='ocrx_word' id='word_1_22' title='bbox 267 1795 319 1851; x_wconf 88' lang='lat' dir='ltr'><strong>per</strong></span> <span class='ocrx_word' id='word_1_23' title='bbox 341 1774 516 1833; x_wconf 85' lang='lat' dir='ltr'><strong>doctissimos</strong></span> <span class='ocrx_word' id='word_1_24' title='bbox 541 1775 613 1833; x_wconf 88' lang='lat' dir='ltr'><strong>illius</strong></span> <span class='ocrx_word' id='word_1_25' title='bbox 635 1777 767 1852; x_wconf 81' lang='lat' dir='ltr'><strong>temporis</strong></span> <span class='ocrx_word' id='word_1_26' title='bbox 790 1778 863 1834; x_wconf 82' lang='lat' dir='ltr'><strong>viros</strong></span> <span class='ocrx_word' id='word_1_27' title='bbox 885 1779 1008 1837; x_wconf 81' lang='lat' dir='ltr'><strong>converti</strong></span> <span class='ocrx_word' id='word_1_28' title='bbox 1033 1777 1137 1856; x_wconf 87' lang='lat' dir='ltr'><strong>voluit,</strong></span> <span class='ocrx_word' id='word_1_29' title='bbox 1169 1786 1200 1838; x_wconf 87' lang='lat' dir='ltr'><strong>ut</strong></span> <span class='ocrx_word' id='word_1_30' title='bbox 1220 1779 1276 1838; x_wconf 87' lang='lat' dir='ltr'><strong>hoc</strong></span> 
     </span>
     <span class='ocr_line' id='line_1_5' title="bbox 123 1856 1274 1938; baseline 0.009 -25"><span class='ocrx_word' id='word_1_31' title='bbox 123 1856 228 1916; x_wconf 89' lang='lat' dir='ltr'><strong>scilicet</strong></span> <span class='ocrx_word' id='word_1_32' title='bbox 250 1860 336 1916; x_wconf 89' lang='lat' dir='ltr'><strong>modo</strong></span> <span class='ocrx_word' id='word_1_33' title='bbox 357 1860 471 1917; x_wconf 90' lang='lat' dir='ltr'><strong>scientia</strong></span> <span class='ocrx_word' id='word_1_34' title='bbox 498 1865 527 1917; x_wconf 89' lang='lat' dir='ltr'><strong>et</strong></span> <span class='ocrx_word' id='word_1_35' title='bbox 560 1861 684 1937; x_wconf 81' lang='lat' dir='ltr'><strong>cognitio</strong></span> <span class='ocrx_word' id='word_1_36' title='bbox 711 1860 881 1918; x_wconf 87' lang='lat' dir='ltr'><strong>Graecarum</strong></span> <span class='ocrx_word' id='word_1_37' title='bbox 907 1860 1078 1933; x_wconf 89' lang='lat' dir='ltr'><strong>litterarum,</strong></span> <span class='ocrx_word' id='word_1_38' title='bbox 1107 1864 1186 1938; x_wconf 89' lang='lat' dir='ltr'><strong>quod</strong></span> <span class='ocrx_word' id='word_1_39' title='bbox 1213 1871 1274 1923; x_wconf 87' lang='lat' dir='ltr'><strong>stu·</strong></span> 
     </span>
     <span class='ocr_line' id='line_1_6' title="bbox 122 1942 1271 2024; baseline 0.004 -24"><span class='ocrx_word' id='word_1_40' title='bbox 122 1942 200 2000; x_wconf 89' lang='lat' dir='ltr'><strong>dium</strong></span> <span class='ocrx_word' id='word_1_41' title='bbox 222 1963 278 2001; x_wconf 90' lang='lat' dir='ltr'><strong>non</strong></span> <span class='ocrx_word' id='word_1_42' title='bbox 305 1944 344 2000; x_wconf 86' lang='lat' dir='ltr'><strong>ita</strong></span> <span class='ocrx_word' id='word_1_43' title='bbox 368 1944 455 2002; x_wconf 89' lang='lat' dir='ltr'><strong>multo</strong></span> <span class='ocrx_word' id='word_1_44' title='bbox 478 1951 545 2001; x_wconf 92' lang='lat' dir='ltr'><strong>ante</strong></span> <span class='ocrx_word' id='word_1_45' title='bbox 570 1944 712 2022; x_wconf 81' lang='lat' dir='ltr'><strong>inceperat</strong></span> <span class='ocrx_word' id='word_1_46' title='bbox 742 1945 769 2002; x_wconf 92' lang='lat' dir='ltr'><strong>in</strong></span> <span class='ocrx_word' id='word_1_47' title='bbox 800 1944 877 2003; x_wconf 89' lang='lat' dir='ltr'><strong>ltalia</strong></span> <span class='ocrx_word' id='word_1_48' title='bbox 904 1947 1019 2018; x_wconf 83' lang='lat' dir='ltr'><strong>florere,</strong></span> <span class='ocrx_word' id='word_1_49' title='bbox 1051 1948 1139 2021; x_wconf 87' lang='lat' dir='ltr'><strong>magis</strong></span> <span class='ocrx_word' id='word_1_50' title='bbox 1167 1949 1271 2024; x_wconf 90' lang='lat' dir='ltr'><strong>magis-</strong></span> 
     </span>
     <span class='ocr_line' id='line_1_7' title="bbox 122 2028 1274 2106; baseline 0.002 -22"><span class='ocrx_word' id='word_1_51' title='bbox 122 2036 180 2103; x_wconf 88' lang='lat' dir='ltr'><strong>&#39;que</strong></span> <span class='ocrx_word' id='word_1_52' title='bbox 201 2035 361 2103; x_wconf 86' lang='lat' dir='ltr'><strong>augeretur,</strong></span> <span class='ocrx_word' id='word_1_53' title='bbox 382 2047 416 2086; x_wconf 91' lang='lat' dir='ltr'><strong>eo</strong></span> <span class='ocrx_word' id='word_1_54' title='bbox 436 2037 564 2106; x_wconf 89' lang='lat' dir='ltr'><strong>tempore</strong></span> <span class='ocrx_word' id='word_1_55' title='bbox 590 2028 758 2087; x_wconf 88' lang='lat' dir='ltr'><strong>Laurentius</strong></span> <span class='ocrx_word' id='word_1_56' title='bbox 780 2028 826 2087; x_wconf 93' lang='lat' dir='ltr'><strong>ille</strong></span> <span class='ocrx_word' id='word_1_57' title='bbox 846 2028 984 2087; x_wconf 70' lang='lat' dir='ltr'><strong>vallensis</strong></span> <span class='ocrx_word' id='word_1_58' title='bbox 1008 2030 1148 2087; x_wconf 88' lang='lat' dir='ltr'><strong>Herodoti</strong></span> <span class='ocrx_word' id='word_1_59' title='bbox 1174 2031 1274 2088; x_wconf 86' lang='lat' dir='ltr'><strong>Histo-</strong></span> 
     </span>
     <span class='ocr_line' id='line_1_8' title="bbox 122 2104 1273 2191; baseline 0.005 -24"><span class='ocrx_word' id='word_1_60' title='bbox 122 2111 177 2173; x_wconf 88' lang='lat' dir='ltr'><strong>rias</strong></span> <span class='ocrx_word' id='word_1_61' title='bbox 202 2110 294 2170; x_wconf 88' lang='lat' dir='ltr'><strong>latinis</strong></span> <span class='ocrx_word' id='word_1_62' title='bbox 319 2112 410 2170; x_wconf 88' lang='lat' dir='ltr'><strong>verbis</strong></span> <span class='ocrx_word' id='word_1_63' title='bbox 431 2114 563 2171; x_wconf 86' lang='lat' dir='ltr'><strong>reddidit.</strong></span> <span class='ocrx_word' id='word_1_64' title='bbox 608 2110 710 2189; x_wconf 84' lang='lat' dir='ltr'><strong>Neque</strong></span> <span class='ocrx_word' id='word_1_65' title='bbox 731 2120 840 2185; x_wconf 87' lang='lat' dir='ltr'><strong>tamen,</strong></span> <span class='ocrx_word' id='word_1_66' title='bbox 870 2104 1047 2189; x_wconf 85' lang='lat' dir='ltr'><strong>quantumvis</strong></span> <span class='ocrx_word' id='word_1_67' title='bbox 1075 2128 1178 2191; x_wconf 89' lang='lat' dir='ltr'><strong>magna</strong></span> <span class='ocrx_word' id='word_1_68' title='bbox 1201 2114 1273 2174; x_wconf 88' lang='lat' dir='ltr'><strong>bene</strong></span> 
     </span>
     <span class='ocr_line' id='line_1_9' title="bbox 121 2194 1271 2277; baseline 0.003 -24"><span class='ocrx_word' id='word_1_69' title='bbox 121 2194 321 2273; x_wconf 77' lang='lat' dir='ltr'><strong>¹eleganterque</strong></span> <span class='ocrx_word' id='word_1_70' title='bbox 343 2197 455 2255; x_wconf 88' lang='lat' dir='ltr'><strong>dicendi</strong></span> <span class='ocrx_word' id='word_1_71' title='bbox 478 2198 559 2275; x_wconf 87' lang='lat' dir='ltr'><strong>copia</strong></span> <span class='ocrx_word' id='word_1_72' title='bbox 585 2199 703 2255; x_wconf 83' lang='lat' dir='ltr'><strong>valuerit</strong></span> <span class='ocrx_word' id='word_1_73' title='bbox 730 2196 776 2256; x_wconf 91' lang='lat' dir='ltr'><strong>ille</strong></span> <span class='ocrx_word' id='word_1_74' title='bbox 803 2198 923 2257; x_wconf 86' lang='lat' dir='ltr'><strong>lectores</strong></span> <span class='ocrx_word' id='word_1_75' title='bbox 946 2199 1055 2255; x_wconf 84' lang='lat' dir='ltr'><strong>allicere</strong></span> <span class='ocrx_word' id='word_1_76' title='bbox 1077 2218 1110 2256; x_wconf 87' lang='lat' dir='ltr'><strong>ac</strong></span> <span class='ocrx_word' id='word_1_77' title='bbox 1141 2199 1271 2277; x_wconf 84' lang='lat' dir='ltr'><strong>retinere,</strong></span> 
     </span>
     <span class='ocr_line' id='line_1_10' title="bbox 122 2281 1272 2361; baseline 0.006 -25"><span class='ocrx_word' id='word_1_78' title='bbox 122 2287 214 2338; x_wconf 85' lang='lat' dir='ltr'><strong>toturn</strong></span> <span class='ocrx_word' id='word_1_79' title='bbox 237 2302 308 2361; x_wconf 84' lang='lat' dir='ltr'><strong>opus</strong></span> <span class='ocrx_word' id='word_1_80' title='bbox 330 2283 428 2340; x_wconf 87' lang='lat' dir='ltr'><strong>eadem</strong></span> <span class='ocrx_word' id='word_1_81' title='bbox 447 2281 607 2358; x_wconf 80' lang='lat' dir='ltr'><strong>diligentiae</strong></span> <span class='ocrx_word' id='word_1_82' title='bbox 628 2290 656 2340; x_wconf 91' lang='lat' dir='ltr'><strong>et</strong></span> <span class='ocrx_word' id='word_1_83' title='bbox 678 2283 762 2339; x_wconf 91' lang='lat' dir='ltr'><strong>animi</strong></span> <span class='ocrx_word' id='word_1_84' title='bbox 786 2283 949 2340; x_wconf 89' lang='lat' dir='ltr'><strong>attentionis</strong></span> <span class='ocrx_word' id='word_1_85' title='bbox 961 2284 1118 2341; x_wconf 86' lang='lat' dir='ltr'><strong>constantia</strong></span> <span class='ocrx_word' id='word_1_86' title='bbox 1140 2302 1272 2360; x_wconf 87' lang='lat' dir='ltr'><strong>persecu·</strong></span> 
     </span>
     <span class='ocr_line' id='line_1_11' title="bbox 119 2366 1272 2445; baseline 0.002 -21"><span class='ocrx_word' id='word_1_87' title='bbox 119 2372 166 2424; x_wconf 85' lang='lat' dir='ltr'><strong>tus</strong></span> <span class='ocrx_word' id='word_1_88' title='bbox 187 2373 231 2423; x_wconf 85' lang='lat' dir='ltr'><strong>est</strong></span> <span class='ocrx_word' id='word_1_89' title='bbox 240 2366 287 2445; x_wconf 76' lang='lat'><strong>*);</strong></span> <span class='ocrx_word' id='word_1_90' title='bbox 310 2367 372 2441; x_wconf 88' lang='lat' dir='ltr'><strong>sed,</strong></span> <span class='ocrx_word' id='word_1_91' title='bbox 388 2383 557 2442; x_wconf 85' lang='lat' dir='ltr'><strong>quamquam</strong></span> <span class='ocrx_word' id='word_1_92' title='bbox 583 2369 650 2424; x_wconf 84' lang='lat' dir='ltr'><strong>satis</strong></span> <span class='ocrx_word' id='word_1_93' title='bbox 672 2367 753 2424; x_wconf 87' lang='lat' dir='ltr'><strong>certis</strong></span> <span class='ocrx_word' id='word_1_94' title='bbox 776 2368 947 2444; x_wconf 76' lang='lat' dir='ltr'><strong>argumentis</strong></span> <span class='ocrx_word' id='word_1_95' title='bbox 971 2366 1045 2424; x_wconf 89' lang='lat' dir='ltr'><strong>illum</strong></span> <span class='ocrx_word' id='word_1_96' title='bbox 1065 2369 1087 2424; x_wconf 89' lang='lat' dir='ltr'><strong>si</strong></span> <span class='ocrx_word' id='word_1_97' title='bbox 1104 2387 1161 2425; x_wconf 89' lang='lat' dir='ltr'><strong>nou</strong></span> <span class='ocrx_word' id='word_1_98' title='bbox 1180 2368 1272 2444; x_wconf 89' lang='lat' dir='ltr'><strong>ipsum</strong></span> 
     </span>
     <span class='ocr_line' id='line_1_12' title="bbox 121 2450 1272 2529; baseline 0.003 -21"><span class='ocrx_word' id='word_1_99' title='bbox 121 2450 245 2510; x_wconf 88' lang='lat' dir='ltr'><strong>codicem</strong></span> <span class='ocrx_word' id='word_1_100' title='bbox 268 2453 290 2509; x_wconf 88' lang='lat' dir='ltr'>S</span> <span class='ocrx_word' id='word_1_101' title='bbox 313 2451 357 2510; x_wconf 88' lang='lat' dir='ltr'><strong>vel</strong></span> <span class='ocrx_word' id='word_1_102' title='bbox 378 2452 415 2529; x_wconf 87' lang='lat' dir='ltr'><strong>V,</strong></span> <span class='ocrx_word' id='word_1_103' title='bbox 437 2458 530 2510; x_wconf 89' lang='lat' dir='ltr'><strong>tamen</strong></span> <span class='ocrx_word' id='word_1_104' title='bbox 554 2472 638 2509; x_wconf 91' lang='lat' dir='ltr'><strong>unum</strong></span> <span class='ocrx_word' id='word_1_105' title='bbox 660 2451 703 2509; x_wconf 82' lang='lat' dir='ltr'><strong>liis</strong></span> <span class='ocrx_word' id='word_1_106' title='bbox 726 2453 892 2510; x_wconf 86' lang='lat' dir='ltr'><strong>simillimum</strong></span> <span class='ocrx_word' id='word_1_107' title='bbox 919 2460 987 2511; x_wconf 86' lang='lat' dir='ltr'><strong>ante</strong></span> <span class='ocrx_word' id='word_1_108' title='bbox 1013 2451 1111 2510; x_wconf 87' lang='lat' dir='ltr'><strong>oculos</strong></span> <span class='ocrx_word' id='word_1_109' title='bbox 1142 2453 1272 2511; x_wconf 84' lang='lat' dir='ltr'><strong>habuisse</strong></span> 
     </span>
     <span class='ocr_line' id='line_1_13' title="bbox 122 2533 1270 2615; baseline 0.002 -23"><span class='ocrx_word' id='word_1_110' title='bbox 122 2533 249 2594; x_wconf 87' lang='lat' dir='ltr'><strong>concludi</strong></span> <span class='ocrx_word' id='word_1_111' title='bbox 271 2542 378 2614; x_wconf 88' lang='lat' dir='ltr'><strong>potest,</strong></span> <span class='ocrx_word' id='word_1_112' title='bbox 401 2555 461 2598; x_wconf 88' lang='lat' dir='ltr'><strong>eam</strong></span> <span class='ocrx_word' id='word_1_113' title='bbox 487 2543 580 2595; x_wconf 88' lang='lat' dir='ltr'><strong>tamen</strong></span> <span class='ocrx_word' id='word_1_114' title='bbox 604 2537 693 2614; x_wconf 83' lang='lat' dir='ltr'><strong>ipsam</strong></span> <span class='ocrx_word' id='word_1_115' title='bbox 716 2539 873 2594; x_wconf 84' lang='lat' dir='ltr'><strong>versionem</strong></span> <span class='ocrx_word' id='word_1_116' title='bbox 898 2537 1022 2615; x_wconf 86' lang='lat' dir='ltr'><strong>plurimis</strong></span> <span class='ocrx_word' id='word_1_117' title='bbox 1055 2538 1081 2594; x_wconf 91' lang='lat' dir='ltr'><strong>in</strong></span> <span class='ocrx_word' id='word_1_118' title='bbox 1114 2536 1181 2594; x_wconf 88' lang='lat' dir='ltr'><strong>locis</strong></span> <span class='ocrx_word' id='word_1_119' title='bbox 1208 2537 1270 2594; x_wconf 87' lang='lat' dir='ltr'><strong>loco</strong></span> 
     </span>
     <span class='ocr_line' id='line_1_14' title="bbox 121 2619 1272 2698; baseline 0.003 -23"><span class='ocrx_word' id='word_1_120' title='bbox 121 2621 215 2694; x_wconf 89' lang='lat' dir='ltr'><strong>graeci</strong></span> <span class='ocrx_word' id='word_1_121' title='bbox 243 2620 305 2678; x_wconf 92' lang='lat' dir='ltr'><strong>libri</strong></span> <span class='ocrx_word' id='word_1_122' title='bbox 330 2621 411 2678; x_wconf 88' lang='lat' dir='ltr'><strong>nobis</strong></span> <span class='ocrx_word' id='word_1_123' title='bbox 433 2619 591 2678; x_wconf 87' lang='lat' dir='ltr'><strong>habendam</strong></span> <span class='ocrx_word' id='word_1_124' title='bbox 615 2640 685 2698; x_wconf 84' lang='lat' dir='ltr'><strong>esse,</strong></span> <span class='ocrx_word' id='word_1_125' title='bbox 707 2619 823 2698; x_wconf 89' lang='lat' dir='ltr'><strong>planum</strong></span> <span class='ocrx_word' id='word_1_126' title='bbox 848 2629 909 2694; x_wconf 85' lang='lat' dir='ltr'><strong>est;</strong></span> <span class='ocrx_word' id='word_1_127' title='bbox 933 2623 970 2678; x_wconf 88' lang='lat' dir='ltr'><strong>ad</strong></span> <span class='ocrx_word' id='word_1_128' title='bbox 997 2640 1099 2696; x_wconf 89' lang='lat' dir='ltr'><strong>quam,</strong></span> <span class='ocrx_word' id='word_1_129' title='bbox 1124 2641 1211 2696; x_wconf 89' lang='lat' dir='ltr'><strong>quum</strong></span> <span class='ocrx_word' id='word_1_130' title='bbox 1234 2619 1272 2680; x_wconf 89' lang='lat' dir='ltr'><strong>de</strong></span> 
     </span>
     <span class='ocr_line' id='line_1_15' title="bbox 121 2701 1271 2782; baseline 0.003 -22"><span class='ocrx_word' id='word_1_131' title='bbox 121 2703 205 2760; x_wconf 85' lang='lat' dir='ltr'><strong>rebus</strong></span> <span class='ocrx_word' id='word_1_132' title='bbox 234 2704 449 2763; x_wconf 88' lang='lat' dir='ltr'><strong>addialectum</strong></span> <span class='ocrx_word' id='word_1_133' title='bbox 476 2701 681 2782; x_wconf 81' lang='lat' dir='ltr'><strong>pertinentibus</strong></span> <span class='ocrx_word' id='word_1_134' title='bbox 713 2705 841 2779; x_wconf 88' lang='lat' dir='ltr'><strong>quaestio</strong></span> <span class='ocrx_word' id='word_1_135' title='bbox 869 2706 1035 2776; x_wconf 87' lang='lat' dir='ltr'><strong>instituitur,</strong></span> <span class='ocrx_word' id='word_1_136' title='bbox 1065 2725 1129 2761; x_wconf 89' lang='lat' dir='ltr'><strong>raro</strong></span> <span class='ocrx_word' id='word_1_137' title='bbox 1160 2712 1271 2763; x_wconf 84' lang='lat' dir='ltr'><strong>tantum</strong></span> 
     </span>
     <span class='ocr_line' id='line_1_16' title="bbox 121 2789 1271 2868; baseline 0.001 -24"><span class='ocrx_word' id='word_1_138' title='bbox 121 2793 207 2863; x_wconf 86' lang='lat' dir='ltr'><strong>atque</strong></span> <span class='ocrx_word' id='word_1_139' title='bbox 228 2795 308 2848; x_wconf 89' lang='lat' dir='ltr'><strong>caute</strong></span> <span class='ocrx_word' id='word_1_140' title='bbox 334 2789 433 2868; x_wconf 83' lang='lat' dir='ltr'><strong>respici</strong></span> <span class='ocrx_word' id='word_1_141' title='bbox 456 2806 550 2866; x_wconf 83' lang='lat' dir='ltr'><strong>posse,</strong></span> <span class='ocrx_word' id='word_1_142' title='bbox 577 2808 668 2845; x_wconf 88' lang='lat' dir='ltr'><strong>nemo·</strong></span> <span class='ocrx_word' id='word_1_143' title='bbox 686 2808 743 2845; x_wconf 88' lang='lat' dir='ltr'><strong>nou</strong></span> <span class='ocrx_word' id='word_1_144' title='bbox 773 2790 865 2860; x_wconf 70' lang='lat' dir='ltr'><strong>videt,</strong></span> <span class='ocrx_word' id='word_1_145' title='bbox 889 2789 1050 2865; x_wconf 83' lang='lat' dir='ltr'><strong>saepissime</strong></span> <span class='ocrx_word' id='word_1_146' title='bbox 1072 2808 1137 2844; x_wconf 87' lang='lat' dir='ltr'><strong>vero</strong></span> <span class='ocrx_word' id='word_1_147' title='bbox 1161 2797 1190 2846; x_wconf 89' lang='lat' dir='ltr'><strong>et</strong></span> <span class='ocrx_word' id='word_1_148' title='bbox 1211 2790 1271 2845; x_wconf 82' lang='lat' dir='ltr'><strong>fere</strong></span> 
     </span>
     <span class='ocr_line' id='line_1_17' title="bbox 122 2871 1269 2950; baseline 0.001 -22"><span class='ocrx_word' id='word_1_149' title='bbox 122 2890 232 2950; x_wconf 85' lang='lat' dir='ltr'><strong>semper</strong></span> <span class='ocrx_word' id='word_1_150' title='bbox 253 2893 339 2950; x_wconf 89' lang='lat' dir='ltr'><strong>quum</strong></span> <span class='ocrx_word' id='word_1_151' title='bbox 361 2876 398 2932; x_wconf 86' lang='lat' dir='ltr'><strong>de</strong></span> <span class='ocrx_word' id='word_1_152' title='bbox 419 2874 502 2931; x_wconf 84' lang='lat' dir='ltr'><strong>rebus</strong></span> <span class='ocrx_word' id='word_1_153' title='bbox 525 2872 661 2930; x_wconf 90' lang='lat' dir='ltr'><strong>historicis</strong></span> <span class='ocrx_word' id='word_1_154' title='bbox 688 2873 840 2950; x_wconf 86' lang='lat' dir='ltr'><strong>quaeritur,</strong></span> <span class='ocrx_word' id='word_1_155' title='bbox 864 2872 906 2929; x_wconf 84' lang='lat' dir='ltr'><strong>rel</strong></span> <span class='ocrx_word' id='word_1_156' title='bbox 926 2871 1131 2948; x_wconf 82' lang='lat' dir='ltr'><strong>geographicis,</strong></span> <span class='ocrx_word' id='word_1_157' title='bbox 1158 2872 1269 2949; x_wconf 86' lang='lat' dir='ltr'><strong>mytho·</strong></span> 
     </span>
     <span class='ocr_line' id='line_1_18' title="bbox 119 2955 1269 3036; baseline 0 -24"><span class='ocrx_word' id='word_1_158' title='bbox 119 2956 217 3033; x_wconf 83' lang='lat' dir='ltr'><strong>logicis</strong></span> <span class='ocrx_word' id='word_1_159' title='bbox 239 2955 445 3033; x_wconf 85' lang='lat' dir='ltr'><strong>similibusque,</strong></span> <span class='ocrx_word' id='word_1_160' title='bbox 467 2959 503 3016; x_wconf 88' lang='lat' dir='ltr'><strong>ad</strong></span> <span class='ocrx_word' id='word_1_161' title='bbox 525 2976 595 3033; x_wconf 88' lang='lat' dir='ltr'><strong>quas</strong></span> <span class='ocrx_word' id='word_1_162' title='bbox 621 2959 697 3036; x_wconf 85' lang='lat' dir='ltr'><strong>ipsas</strong></span> <span class='ocrx_word' id='word_1_163' title='bbox 719 2957 826 3016; x_wconf 83' lang='lat' dir='ltr'><strong>facilius</strong></span> <span class='ocrx_word' id='word_1_164' title='bbox 851 2964 937 3033; x_wconf 90' lang='lat' dir='ltr'><strong>atque</strong></span> <span class='ocrx_word' id='word_1_165' title='bbox 963 2958 1136 3013; x_wconf 90' lang='lat' dir='ltr'><strong>commodius</strong></span> <span class='ocrx_word' id='word_1_166' title='bbox 1162 2975 1269 3033; x_wconf 90' lang='lat' dir='ltr'><strong>cogno·</strong></span> 
     </span>
     <span class='ocr_line' id='line_1_19' title="bbox 119 3035 1269 3118; baseline 0.001 -20"><span class='ocrx_word' id='word_1_167' title='bbox 119 3042 239 3100; x_wconf 67' lang='lat' dir='ltr'><strong>&#39;scendas</strong></span> <span class='ocrx_word' id='word_1_168' title='bbox 262 3044 336 3102; x_wconf 82' lang='lat' dir='ltr'><strong>facta</strong></span> <span class='ocrx_word' id='word_1_169' title='bbox 358 3043 394 3102; x_wconf 88' lang='lat' dir='ltr'><strong>sit</strong></span> <span class='ocrx_word' id='word_1_170' title='bbox 414 3042 461 3100; x_wconf 88' lang='lat' dir='ltr'><strong>illa</strong></span> <span class='ocrx_word' id='word_1_171' title='bbox 483 3043 583 3101; x_wconf 85' lang='lat' dir='ltr'><strong>versio.</strong></span> <span class='ocrx_word' id='word_1_172' title='bbox 627 3041 757 3101; x_wconf 83' lang='lat' dir='ltr'><strong>Necdum</strong></span> <span class='ocrx_word' id='word_1_173' title='bbox 787 3043 859 3099; x_wconf 88' lang='lat' dir='ltr'><strong>enim</strong></span> <span class='ocrx_word' id='word_1_174' title='bbox 888 3042 1042 3099; x_wconf 83' lang='lat' dir='ltr'><strong>admodum</strong></span> <span class='ocrx_word' id='word_1_175' title='bbox 1064 3042 1102 3097; x_wconf 88' lang='lat' dir='ltr'><strong>ad</strong></span> <span class='ocrx_word' id='word_1_176' title='bbox 1128 3035 1269 3118; x_wconf 81' lang='lat' dir='ltr'><strong>gramma-</strong></span> 
     </span>
     <span class='ocr_line' id='line_1_20' title="bbox 118 3126 1269 3206; baseline 0.001 -23"><span class='ocrx_word' id='word_1_177' title='bbox 118 3127 202 3184; x_wconf 85' lang='lat' dir='ltr'><strong>ticam</strong></span> <span class='ocrx_word' id='word_1_178' title='bbox 237 3146 368 3206; x_wconf 83' lang='lat' dir='ltr'><strong>graecam</strong></span> <span class='ocrx_word' id='word_1_179' title='bbox 399 3127 627 3205; x_wconf 86' lang='lat' dir='ltr'><strong>perdiscendam,</strong></span> <span class='ocrx_word' id='word_1_180' title='bbox 660 3128 764 3185; x_wconf 89' lang='lat' dir='ltr'><strong>nedum</strong></span> <span class='ocrx_word' id='word_1_181' title='bbox 790 3128 828 3184; x_wconf 89' lang='lat' dir='ltr'><strong>ad</strong></span> <span class='ocrx_word' id='word_1_182' title='bbox 859 3126 994 3186; x_wconf 88' lang='lat' dir='ltr'><strong>dialectos</strong></span> <span class='ocrx_word' id='word_1_183' title='bbox 1021 3127 1132 3204; x_wconf 84' lang='lat' dir='ltr'><strong>penitus</strong></span> <span class='ocrx_word' id='word_1_184' title='bbox 1161 3145 1269 3200; x_wconf 86' lang='lat' dir='ltr'><strong>cogno-</strong></span> 
     </span>
     <span class='ocr_line' id='line_1_21' title="bbox 118 3209 1269 3291; baseline -0.003 -22"><span class='ocrx_word' id='word_1_185' title='bbox 118 3213 248 3291; x_wconf 88' lang='lat' dir='ltr'><strong>scendas,</strong></span> <span class='ocrx_word' id='word_1_186' title='bbox 273 3212 415 3287; x_wconf 87' lang='lat' dir='ltr'><strong>adjecerat</strong></span> <span class='ocrx_word' id='word_1_187' title='bbox 435 3212 554 3270; x_wconf 87' lang='lat' dir='ltr'><strong>animum</strong></span> <span class='ocrx_word' id='word_1_188' title='bbox 573 3210 619 3269; x_wconf 87' lang='lat' dir='ltr'><strong>illa</strong></span> <span class='ocrx_word' id='word_1_189' title='bbox 644 3219 732 3283; x_wconf 90' lang='lat' dir='ltr'><strong>aetas,</strong></span> <span class='ocrx_word' id='word_1_190' title='bbox 755 3211 861 3289; x_wconf 89' lang='lat' dir='ltr'><strong>quippe</strong></span> <span class='ocrx_word' id='word_1_191' title='bbox 890 3229 962 3287; x_wconf 87' lang='lat' dir='ltr'><strong>quac</strong></span> <span class='ocrx_word' id='word_1_192' title='bbox 983 3209 1051 3268; x_wconf 88' lang='lat' dir='ltr'><strong>nihil</strong></span> <span class='ocrx_word' id='word_1_193' title='bbox 1069 3210 1128 3284; x_wconf 86' lang='lat' dir='ltr'><strong>jam</strong></span> <span class='ocrx_word' id='word_1_194' title='bbox 1150 3209 1269 3288; x_wconf 83' lang='lat' dir='ltr'><strong>amplius</strong></span> 
     </span>
     <span class='ocr_line' id='line_1_22' title="bbox 118 3293 1269 3378; baseline -0.003 -26"><span class='ocrx_word' id='word_1_195' title='bbox 118 3314 180 3354; x_wconf 88' lang='lat' dir='ltr'><strong>esse</strong></span> <span class='ocrx_word' id='word_1_196' title='bbox 205 3296 373 3373; x_wconf 86' lang='lat' dir='ltr'><strong>gloriaretur</strong></span> <span class='ocrx_word' id='word_1_197' title='bbox 401 3315 450 3353; x_wconf 87' lang='lat' dir='ltr'><strong>cur</strong></span> <span class='ocrx_word' id='word_1_198' title='bbox 477 3296 649 3354; x_wconf 90' lang='lat' dir='ltr'><strong>Graecorum</strong></span> <span class='ocrx_word' id='word_1_199' title='bbox 678 3295 777 3354; x_wconf 88' lang='lat' dir='ltr'><strong>litteris</strong></span> <span class='ocrx_word' id='word_1_200' title='bbox 805 3296 995 3363; x_wconf 86' lang='lat' dir='ltr'><strong>invideretur,</strong></span> <span class='ocrx_word' id='word_1_201' title='bbox 1022 3314 1057 3351; x_wconf 91' lang='lat' dir='ltr'><strong>ex</strong></span> <span class='ocrx_word' id='word_1_202' title='bbox 1087 3313 1144 3368; x_wconf 92' lang='lat' dir='ltr'><strong>quo</strong></span> <span class='ocrx_word' id='word_1_203' title='bbox 1175 3293 1269 3378; x_wconf 86' lang='lat' dir='ltr'><strong>omnia</strong></span> 
     </span>
     <span class='ocr_line' id='line_1_23' title="bbox 117 3377 1269 3458; baseline -0.003 -21"><span class='ocrx_word' id='word_1_204' title='bbox 117 3399 208 3457; x_wconf 89' lang='lat' dir='ltr'><strong>paene</strong></span> <span class='ocrx_word' id='word_1_205' title='bbox 235 3400 332 3438; x_wconf 87' lang='lat' dir='ltr'><strong>eornm</strong></span> <span class='ocrx_word' id='word_1_206' title='bbox 363 3382 466 3458; x_wconf 84' lang='lat' dir='ltr'><strong>scripta</strong></span> <span class='ocrx_word' id='word_1_207' title='bbox 488 3381 515 3437; x_wconf 90' lang='lat' dir='ltr'><strong>in</strong></span> <span class='ocrx_word' id='word_1_208' title='bbox 541 3381 658 3438; x_wconf 90' lang='lat' dir='ltr'><strong>latinum</strong></span> <span class='ocrx_word' id='word_1_209' title='bbox 684 3399 764 3437; x_wconf 89' lang='lat' dir='ltr'><strong>versa</strong></span> <span class='ocrx_word' id='word_1_210' title='bbox 786 3380 1010 3456; x_wconf 74' lang='lat' dir='ltr'><strong>legerentur.**).</strong></span> <span class='ocrx_word' id='word_1_211' title='bbox 1044 3377 1133 3435; x_wconf 88' lang='lat' dir='ltr'><strong>Erant</strong></span> <span class='ocrx_word' id='word_1_212' title='bbox 1154 3379 1269 3450; x_wconf 90' lang='lat' dir='ltr'><strong>quidem</strong></span> 
     </span>
     <span class='ocr_line' id='line_1_24' title="bbox 117 3461 1267 3544; baseline -0.003 -25"><span class='ocrx_word' id='word_1_213' title='bbox 117 3464 164 3522; x_wconf 88' lang='lat' dir='ltr'><strong>illo</strong></span> <span class='ocrx_word' id='word_1_214' title='bbox 189 3471 318 3544; x_wconf 90' lang='lat' dir='ltr'><strong>tempore</strong></span> <span class='ocrx_word' id='word_1_215' title='bbox 340 3466 416 3544; x_wconf 90' lang='lat' dir='ltr'><strong>apud</strong></span> <span class='ocrx_word' id='word_1_216' title='bbox 436 3465 521 3524; x_wconf 85' lang='lat' dir='ltr'><strong>italos</strong></span> <span class='ocrx_word' id='word_1_217' title='bbox 538 3465 673 3528; x_wconf 86' lang='lat' dir='ltr'><strong>nonnulla</strong></span> <span class='ocrx_word' id='word_1_218' title='bbox 692 3466 875 3542; x_wconf 85' lang='lat' dir='ltr'><strong>grammatica</strong></span> <span class='ocrx_word' id='word_1_219' title='bbox 899 3464 1012 3540; x_wconf 87' lang='lat' dir='ltr'><strong>scripta,</strong></span> <span class='ocrx_word' id='word_1_220' title='bbox 1039 3468 1071 3516; x_wconf 91' lang='lat' dir='ltr'><strong>ut</strong></span> <span class='ocrx_word' id='word_1_221' title='bbox 1089 3461 1149 3516; x_wconf 89' lang='lat' dir='ltr'><strong>libri</strong></span> <span class='ocrx_word' id='word_1_222' title='bbox 1168 3461 1267 3517; x_wconf 88' lang='lat' dir='ltr'><strong>Const.</strong></span> 
     </span>
     <span class='ocr_line' id='line_1_25' title="bbox 117 3539 1268 3627; baseline -0.001 -24"><span class='ocrx_word' id='word_1_223' title='bbox 117 3539 258 3624; x_wconf 82' lang='lat' dir='ltr'><strong>Lasearis,</strong></span> <span class='ocrx_word' id='word_1_224' title='bbox 285 3549 393 3622; x_wconf 88' lang='lat' dir='ltr'><strong>Gazae,</strong></span> <span class='ocrx_word' id='word_1_225' title='bbox 419 3548 616 3627; x_wconf 72' lang='lat' dir='ltr'><strong>Chrysolorae,</strong></span> <span class='ocrx_word' id='word_1_226' title='bbox 642 3549 776 3627; x_wconf 85' lang='lat' dir='ltr'><strong>aliorum,</strong></span> <span class='ocrx_word' id='word_1_227' title='bbox 795 3567 852 3605; x_wconf 89' lang='lat' dir='ltr'><strong>non</strong></span> <span class='ocrx_word' id='word_1_228' title='bbox 875 3552 968 3602; x_wconf 90' lang='lat' dir='ltr'><strong>tamen</strong></span> <span class='ocrx_word' id='word_1_229' title='bbox 993 3544 1030 3600; x_wconf 87' lang='lat' dir='ltr'><strong>ad</strong></span> <span class='ocrx_word' id='word_1_230' title='bbox 1056 3544 1142 3620; x_wconf 89' lang='lat' dir='ltr'><strong>ipsam</strong></span> <span class='ocrx_word' id='word_1_231' title='bbox 1174 3562 1268 3619; x_wconf 84' lang='lat' dir='ltr'><strong>gram·</strong></span> 
     </span>
     <span class='ocr_line' id='line_1_26' title="bbox 118 3627 1267 3713; baseline -0.003 -26"><span class='ocrx_word' id='word_1_232' title='bbox 118 3632 247 3689; x_wconf 87' lang='lat' dir='ltr'><strong>maticam</strong></span> <span class='ocrx_word' id='word_1_233' title='bbox 269 3652 399 3709; x_wconf 90' lang='lat' dir='ltr'><strong>graecam</strong></span> <span class='ocrx_word' id='word_1_234' title='bbox 422 3635 635 3713; x_wconf 83' lang='lat' dir='ltr'><strong>perdiscendam</strong></span> <span class='ocrx_word' id='word_1_235' title='bbox 661 3635 752 3705; x_wconf 85' lang='lat' dir='ltr'><strong>facta,</strong></span> <span class='ocrx_word' id='word_1_236' title='bbox 779 3634 830 3689; x_wconf 87' lang='lat' dir='ltr'><strong>sed</strong></span> <span class='ocrx_word' id='word_1_237' title='bbox 864 3630 964 3706; x_wconf 88' lang='lat' dir='ltr'><strong>quibus</strong></span> <span class='ocrx_word' id='word_1_238' title='bbox 993 3629 1029 3685; x_wconf 86' lang='lat' dir='ltr'><strong>ad</strong></span> <span class='ocrx_word' id='word_1_239' title='bbox 1058 3627 1192 3704; x_wconf 87' lang='lat' dir='ltr'><strong>legendas</strong></span> <span class='ocrx_word' id='word_1_240' title='bbox 1225 3627 1267 3684; x_wconf 90' lang='lat' dir='ltr'><strong>in-</strong></span> 
     </span>
     <span class='ocr_line' id='line_1_27' title="bbox 116 3711 1266 3795; baseline -0.002 -23"><span class='ocrx_word' id='word_1_241' title='bbox 116 3714 341 3794; x_wconf 86' lang='lat' dir='ltr'><strong>telligendasque</strong></span> <span class='ocrx_word' id='word_1_242' title='bbox 357 3731 403 3776; x_wconf 85' lang='lat' dir='ltr'><strong>eas</strong></span> <span class='ocrx_word' id='word_1_243' title='bbox 424 3733 479 3793; x_wconf 84' lang='lat' dir='ltr'><strong>res,</strong></span> <span class='ocrx_word' id='word_1_244' title='bbox 501 3737 574 3794; x_wconf 87' lang='lat' dir='ltr'><strong>quae</strong></span> <span class='ocrx_word' id='word_1_245' title='bbox 590 3718 698 3795; x_wconf 84' lang='lat' dir='ltr'><strong>graecis</strong></span> <span class='ocrx_word' id='word_1_246' title='bbox 715 3717 814 3774; x_wconf 84' lang='lat' dir='ltr'><strong>litteris</strong></span> <span class='ocrx_word' id='word_1_247' title='bbox 832 3716 1019 3785; x_wconf 87' lang='lat' dir='ltr'><strong>continentur,</strong></span> <span class='ocrx_word' id='word_1_248' title='bbox 1043 3713 1088 3768; x_wconf 82' lang='lat' dir='ltr'><strong>ria</strong></span> <span class='ocrx_word' id='word_1_249' title='bbox 1108 3711 1266 3789; x_wconf 87' lang='lat' dir='ltr'><strong>patefieret.</strong></span> 
     </span>
     <span class='ocr_line' id='line_1_28' title="bbox 118 3795 1267 3880; baseline -0.007 -21"><span class='ocrx_word' id='word_1_250' title='bbox 118 3800 124 3806; x_wconf 85' lang='grc'><strong>’</strong></span> <span class='ocrx_word' id='word_1_251' title='bbox 202 3799 348 3868; x_wconf 85' lang='lat' dir='ltr'><strong>Quantum</strong></span> <span class='ocrx_word' id='word_1_252' title='bbox 370 3808 464 3861; x_wconf 89' lang='lat' dir='ltr'><strong>tamen</strong></span> <span class='ocrx_word' id='word_1_253' title='bbox 488 3804 571 3880; x_wconf 88' lang='lat' dir='ltr'><strong>absit,</strong></span> <span class='ocrx_word' id='word_1_254' title='bbox 595 3795 626 3860; x_wconf 82' lang='lat' dir='ltr'><strong>ut</strong></span> <span class='ocrx_word' id='word_1_255' title='bbox 648 3801 762 3859; x_wconf 90' lang='lat' dir='ltr'><strong>meritas</strong></span> <span class='ocrx_word' id='word_1_256' title='bbox 784 3799 898 3872; x_wconf 90' lang='lat' dir='ltr'><strong>laudes,</strong></span> <span class='ocrx_word' id='word_1_257' title='bbox 931 3798 1034 3873; x_wconf 87' lang='lat' dir='ltr'><strong>quibus</strong></span> <span class='ocrx_word' id='word_1_258' title='bbox 1062 3804 1130 3855; x_wconf 89' lang='lat' dir='ltr'><strong>tunc</strong></span> <span class='ocrx_word' id='word_1_259' title='bbox 1152 3795 1189 3852; x_wconf 90' lang='lat' dir='ltr'><strong>illi</strong></span> <span class='ocrx_word' id='word_1_260' title='bbox 1215 3795 1267 3852; x_wconf 89' lang='lat' dir='ltr'><strong>viri</strong></span> 
     </span>
     <span class='ocr_line' id='line_1_29' title="bbox 113 3877 1268 3965; baseline -0.008 -21"><span class='ocrx_word' id='word_1_261' title='bbox 113 3903 268 3961; x_wconf 84' lang='lat' dir='ltr'><strong>eorumque</strong></span> <span class='ocrx_word' id='word_1_262' title='bbox 279 3889 451 3965; x_wconf 84' lang='lat' dir='ltr'><strong>grammatici</strong></span> <span class='ocrx_word' id='word_1_263' title='bbox 462 3887 525 3946; x_wconf 92' lang='lat' dir='ltr'><strong>libri</strong></span> <span class='ocrx_word' id='word_1_264' title='bbox 545 3885 761 3956; x_wconf 80' lang='lat' dir='ltr'><strong>extollebantur,</strong></span> <span class='ocrx_word' id='word_1_265' title='bbox 787 3884 889 3960; x_wconf 88' lang='lat' dir='ltr'><strong>quibus</strong></span> <span class='ocrx_word' id='word_1_266' title='bbox 913 3884 942 3941; x_wconf 91' lang='lat' dir='ltr'><strong>in</strong></span> <span class='ocrx_word' id='word_1_267' title='bbox 960 3880 1160 3961; x_wconf 67' lang='lat' dir='ltr'><strong>componenda</strong></span> <span class='ocrx_word' id='word_1_268' title='bbox 1182 3877 1268 3937; x_wconf 85' lang='lat' dir='ltr'><strong>mults</strong></span> 
     </span>
    </p>
   </div>
   <div class='ocr_carea' id='block_1_3' title="bbox 110 4090 1268 4427">
    <p class='ocr_par' dir='ltr' id='par_1_3' title="bbox 110 4090 1268 4304">
     <span class='ocr_line' id='line_1_30' title="bbox 116 4090 1268 4165; baseline -0.005 -15"><span class='ocrx_word' id='word_1_269' title='bbox 116 4161 120 4164; x_wconf 24' lang='grc' dir='ltr'>ι</span> <span class='ocrx_word' id='word_1_270' title='bbox 180 4100 206 4163; x_wconf 70' lang='grc'><strong>*)</strong></span> <span class='ocrx_word' id='word_1_271' title='bbox 225 4098 269 4153; x_wconf 83' lang='lat' dir='ltr'><strong>ct.</strong></span> <span class='ocrx_word' id='word_1_272' title='bbox 289 4091 406 4156; x_wconf 76' lang='lat' dir='ltr'><strong>Graueri</strong></span> <span class='ocrx_word' id='word_1_273' title='bbox 425 4102 569 4157; x_wconf 79' lang='lat' dir='ltr'><strong>Commeat.</strong></span> <span class='ocrx_word' id='word_1_274' title='bbox 588 4102 622 4155; x_wconf 86' lang='lat' dir='ltr'><strong>ds</strong></span> <span class='ocrx_word' id='word_1_275' title='bbox 638 4099 775 4158; x_wconf 82' lang='lat' dir='ltr'><strong>Herodoto</strong></span> <span class='ocrx_word' id='word_1_276' title='bbox 799 4099 832 4150; x_wconf 86' lang='lat' dir='ltr'><strong>sb</strong></span> <span class='ocrx_word' id='word_1_277' title='bbox 857 4099 1004 4165; x_wconf 85' lang='lat' dir='ltr'><strong>interprett.</strong></span> <span class='ocrx_word' id='word_1_278' title='bbox 1031 4111 1081 4148; x_wconf 85' lang='lat' dir='ltr'><strong>oon</strong></span> <span class='ocrx_word' id='word_1_279' title='bbox 1100 4090 1166 4145; x_wconf 84' lang='lat' dir='ltr'><strong>satis</strong></span> <span class='ocrx_word' id='word_1_280' title='bbox 1189 4097 1268 4144; x_wconf 75' lang='lat' dir='ltr'><strong>cruta</strong></span> 
     </span>
     <span class='ocr_line' id='line_1_31' title="bbox 110 4153 1267 4240; baseline -0.01 -18"><span class='ocrx_word' id='word_1_281' title='bbox 110 4173 232 4222; x_wconf 72' lang='lat' dir='ltr'><strong>tractato</strong></span> <span class='ocrx_word' id='word_1_282' title='bbox 249 4185 276 4239; x_wconf 85' lang='lat' dir='ltr'><strong>p.</strong></span> <span class='ocrx_word' id='word_1_283' title='bbox 293 4171 306 4222; x_wconf 94' lang='lat' dir='ltr'><strong>l</strong></span> <span class='ocrx_word' id='word_1_284' title='bbox 326 4188 365 4239; x_wconf 81' lang='lat' dir='ltr'><strong>sq.</strong></span> <span class='ocrx_word' id='word_1_285' title='bbox 385 4178 411 4223; x_wconf 85' lang='lat' dir='ltr'><strong>st</strong></span> <span class='ocrx_word' id='word_1_286' title='bbox 429 4185 504 4239; x_wconf 85' lang='lat' dir='ltr'><strong>quern</strong></span> <span class='ocrx_word' id='word_1_287' title='bbox 529 4170 648 4223; x_wconf 76' lang='lat' dir='ltr'><strong>laudarit</strong></span> <span class='ocrx_word' id='word_1_288' title='bbox 665 4170 691 4223; x_wconf 87' lang='lat' dir='ltr'>H</span> <span class='ocrx_word' id='word_1_289' title='bbox 698 4171 840 4240; x_wconf 68' lang='lat' dir='ltr'><strong>petiam,</strong></span> <span class='ocrx_word' id='word_1_290' title='bbox 859 4168 892 4219; x_wconf 84' lang='lat' dir='ltr'><strong>de</strong></span> <span class='ocrx_word' id='word_1_291' title='bbox 911 4166 987 4219; x_wconf 85' lang='lat' dir='ltr'><strong>claris</strong></span> <span class='ocrx_word' id='word_1_292' title='bbox 1002 4164 1149 4230; x_wconf 83' lang='lat' dir='ltr'><strong>iuterprett.</strong></span> <span class='ocrx_word' id='word_1_293' title='bbox 1164 4179 1191 4233; x_wconf 85' lang='lat' dir='ltr'><strong>p.</strong></span> <span class='ocrx_word' id='word_1_294' title='bbox 1206 4153 1267 4223; x_wconf 64' lang='grc' dir='ltr'><strong>Ἀθ,</strong></span> 
     </span>
     <span class='ocr_line' id='line_1_32' title="bbox 110 4236 938 4304; baseline 0.002 -16"><span class='ocrx_word' id='word_1_295' title='bbox 110 4245 193 4304; x_wconf 86' lang='lat' dir='ltr'><strong>stqns</strong></span> <span class='ocrx_word' id='word_1_296' title='bbox 214 4245 353 4304; x_wconf 72' lang='lat' dir='ltr'><strong>prestares</strong></span> <span class='ocrx_word' id='word_1_297' title='bbox 371 4240 461 4293; x_wconf 81' lang='lat' dir='ltr'><strong>Prset‘.</strong></span> <span class='ocrx_word' id='word_1_298' title='bbox 482 4239 595 4293; x_wconf 83' lang='lat' dir='ltr'><strong>Wssrst.</strong></span> <span class='ocrx_word' id='word_1_299' title='bbox 613 4240 647 4290; x_wconf 82' lang='lat' dir='ltr'><strong>sd</strong></span> <span class='ocrx_word' id='word_1_300' title='bbox 667 4236 768 4290; x_wconf 78' lang='lat' dir='ltr'><strong>Herod.</strong></span> <span class='ocrx_word' id='word_1_301' title='bbox 935 4255 938 4262; x_wconf 93' lang='grc'><em>·</em></span> 
     </span>
    </p>

    <p class='ocr_par' dir='ltr' id='par_1_4' title="bbox 178 4292 1268 4427">
     <span class='ocr_line' id='line_1_33' title="bbox 178 4292 1268 4427; baseline -0.007 -70"><span class='ocrx_word' id='word_1_302' title='bbox 178 4307 218 4368; x_wconf 75' lang='grc'><strong>”)</strong></span> <span class='ocrx_word' id='word_1_303' title='bbox 237 4305 280 4360; x_wconf 83' lang='lat' dir='ltr'><strong>ct.</strong></span> <span class='ocrx_word' id='word_1_304' title='bbox 304 4307 420 4372; x_wconf 75' lang='lat' dir='ltr'><strong>Hester,</strong></span> <span class='ocrx_word' id='word_1_305' title='bbox 439 4307 539 4365; x_wconf 82' lang='lat' dir='ltr'><strong>Gesclr.</strong></span> <span class='ocrx_word' id='word_1_306' title='bbox 557 4308 584 4362; x_wconf 87' lang='lat' dir='ltr'><strong>d.</strong></span> <span class='ocrx_word' id='word_1_307' title='bbox 599 4308 674 4362; x_wconf 73' lang='lat' dir='ltr'><strong>stud,</strong></span> <span class='ocrx_word' id='word_1_308' title='bbox 692 4307 740 4358; x_wconf 87' lang='lat' dir='ltr'><strong>der</strong></span> <span class='ocrx_word' id='word_1_309' title='bbox 758 4301 892 4357; x_wconf 76' lang='lat' dir='ltr'><strong>classircb.</strong></span> <span class='ocrx_word' id='word_1_310' title='bbox 908 4300 972 4352; x_wconf 83' lang='lat' dir='ltr'><strong>Litt.</strong></span> <span class='ocrx_word' id='word_1_311' title='bbox 986 4292 1268 4427; x_wconf 61' lang='lat'><strong>¹¹‘1¹‘;⁷⁸⁰‘²⁸⁵&#39;“”</strong></span> 
     </span>
    </p>
   </div>
   <div class='ocr_carea' id='block_1_4' title="bbox 0 0 1476 4900">
    <p class='ocr_par' dir='ltr' id='par_1_5' title="bbox 0 0 1476 4900">
     <span class='ocr_line' id='line_1_34' title="bbox 0 0 1476 4900; baseline 0 3"><span class='ocrx_word' id='word_1_312' title='bbox 0 0 1476 4900; x_wconf 95' lang='lat' dir='ltr'><strong> </strong></span> 
     </span>
    </p>
   </div>
  </div>
 </body>
</html>
