2942 4900
406 263 451 324 De
474 218 595 324 dialecto
618 265 781 325 Herodotea
803 267 851 329 lib.
875 267 895 325 l.
1182 265 1225 331 '19

86 425 243 509 ξωιοίτας,
261 432 290 490 id
314 449 403 508 genus
423 433 486 507 ulia,
509 452 629 511 quorum
653 436 690 495 de
715 454 781 494 vera
810 429 1001 494 modulatione
1031 437 1104 495 inter
1129 456 1225 498 omnes

83 524 210 588 constat,
233 524 350 596 accepta
375 519 526 577 referimus.
569 520 716 578 Praeterea
737 522 804 596 quid
825 519 911 579 Attici
930 521 1030 595 aliique
1050 537 1136 600 prosa
1163 543 1226 582 orn·

84 603 167 661 tione
188 604 233 662 usi
255 600 361 660 hocin
387 622 491 679 genere
511 624 564 681 pro
585 610 647 662 rato
668 612 840 683 acceptoque
860 606 1021 679 habuerint,
1043 626 1078 664 ex
1100 608 1225 667 Platonis

86 687 209 766 (Cratyl.
235 708 264 766 p
289 686 412 765 4191).)
435 688 569 766 scriptura
597 690 739 747 nominum
761 684 918 770 ενφεροισι
921 714 959 768 νη
981 696 1010 747 et
1034 686 1222 774 ια’φροσιίνη,

85 772 203 848 regulae
226 772 424 830 convenienter
448 773 614 849 alternante,
636 775 702 832 satis
724 773 833 834 elucere
854 775 917 832 mihi
940 777 1056 833 videtur.

173 858 270 934 Saepe
301 857 405 915 librarii
433 859 587 916 orationem
623 859 827 936 depravarunt,
861 878 946 935 quum
984 878 1083 917 sonum
1110 860 1224 935 alicujus

83 941 214 1018 syllabae
240 941 344 998 diutius
373 941 484 998 auribus
515 942 704 1000 inhaerentem
732 946 769 1000 ad
802 945 918 1002 alienam
939 943 1072 1020 syllabam
1099 951 1225 1004 transtu·

84 1025 196 1098 lerunt,
227 1024 411 1083 autduobus
438 1025 483 1083 vel
508 1026 637 1103 pluribusv
653 1045 690 1085 ‘se
716 1028 832 1085 invicem
857 1029 1055 1106 excipientibus
1083 1030 1238 1088 vocubulis*

85 1112 208 1169 eandem
233 1109 455 1167 terminationem
484 1109 643 1169 affixerunt.
687 1110 753 1179 Quo
778 1131 809 1170 re
811 1114 924 1171 erenda
950 1131 1011 1170 esse
1040 1114 1150 1171 videtur
1177 1114 1223 1173 illa
1246 1116 1251 1120 ’

82 1196 142 1270 jam
165 1185 323 1253 inveterata
349 1195 502 1272 scripturae
524 1195 687 1272 depravatio
714 1193 736 1253 Ι.
758 1199 793 1255 99
821 1194 854 1258 ἐν
876 1199 1059 1279 Βραγχίδῃσι
1076 1201 1223 1281 1356er-

85 1280 214 1357 λησίωι,
236 1279 315 1353 cujus
328 1279 386 1353 jam
409 1278 572 1336 Philemo
555 1281 751 1355 grammaticus
769 1283 846 1360 apud
859 1280 993 1358 Porphyr
1007 1282 1123 1349 Quaest
1135 1282 1233 1344 Hom..

85 1365 103 1424 l.
120 1364 138 1423 l.
163 1363 302 1434 meminit3
324 1381 416 1439 neque
437 1381 504 1420 vero
526 1364 551 1422 ei
574 1363 663 1421 fraudi
685 1383 747 1423 esse
763 1367 902 1424 debebant
918 1366 1088 1428 librariorum
1104 1386 1223 1446 errores,

84 1459 174 1524 quum
200 1447 279 1506 nulla
302 1447 379 1522 justa
401 1447 491 1504 subsit
511 1465 612 1519 causa,
631 1468 723 1525 neque
744 1450 801 1509 ulla
825 1452 926 1509 idonea
948 1452 1019 1507 ratio
1046 1453 1126 1509 reddi
1154 1471 1222 1529 pos-

85 1534 131 1605 sit,
154 1553 205 1591 cur
228 1532 403 1604 Herodotus,
424 1532 476 1589 uisi
502 1532 630 1590 consulto
655 1553 672 1592 a
693 1535 832 1592 communi
854 1554 920 1593 cuns
910 1536 1055 1593 uetudine
1081 1555 1144 1593 eum
1176 1555 1221 1595 re-

84 1619 203 1677 cessisse
224 1617 311 1689 dieas,
327 1615 396 1675 illud
419 1634 521 1674 nomen
544 1620 764 1696 patronymicum
787 1620 934 1678 foeminino
952 1639 1055 1696 genere
1070 1639 1222 1699 usurpasse

80 1702 231 1783 putandus
253 1703 298 1759 sit.
341 1698 444 1775 Neque
464 1702 548 1759 etiam
572 1722 635 1760 cum
655 1702 796 1761 Lobechio
827 1704 878 1783 (ad
905 1705 1011 1762 Buttm.
1044 1723 1086 1781 gr.
1111 1725 1155 1782 gr.
1182 1706 1220 1783 ll,

84 1808 114 1867 p.
133 1786 204 1862 436)
228 1786 296 1845 illud
320 1803 384 1844 cum
404 1785 508 1844 talibus
532 1787 656 1844 locorum
677 1789 844 1860 nominibus,
867 1788 959 1864 qualia
984 1795 1050 1847 sunt
1074 1784 1219 1868 Ἀγιάδαι,

81 1871 255 1941 Αίνειιὶδαι,
276 1872 452 1949 Βωταχίδαι,
481 1865 692 1972 Πατριαγοίδαι
714 1872 762 1951 (ci.
786 1873 883 1951 Steph
907 1874 1020 1949 Byns.
1043 1892 1069 1929 v.
1088 1877 1221 1952 Harpioi·

82 1951 190 2037 γαδοιι,
214 1951 358 2034 Περσικὸς
379 1950 520 2030 τόπος,ο
504 1956 536 2016 οί
563 1951 720 2035 οἰκήτορες
746 1954 860 2054 δμοίως
888 1951 1128 2036 Πατριαγᾰδαι),
1151 1978 1220 2017 con·

83 2043 189 2117 seram,
209 2042 339 2099 sedeunt
364 2040 476 2098 Reislrio
498 2049 527 2097 et
549 2040 678 2098 Beklrero
698 2046 727 2098 et
748 2040 833 2097 isto
825 2041 852 2098 ιιι
873 2040 935 2098 loco
956 2047 1032 2101 τοῖσι
1054 2044 1221 2118 Μιλησίων

83 2126 172 2185 scribi
199 2125 288 2202 velim,
313 2129 342 2230 et
362 2123 396 2180 ll.
417 2128 468 2184 159
493 2143 557 2182 cunr
577 2125 641 2183 eod.
662 2124 693 2182 S.
717 2124 748 2197 ἐς
771 2120 936 2224 Βραγχίδας
961 2121 1034 2197 rode
1055 2129 1220 2203 Μιλησίων

82 2230 136 2289 μισ
159 2210 277 2287 vulgato
298 2205 357 2280 τιίς
385 2210 564 2287 Μιςλησίων
595 2215 626 2266 ut
659 2229 755 2269 omues
787 2211 846 2269 sine
878 2210 933 2267 ulla
954 2210 1087 2268 varietate
1115 2210 1136 2270 Ι
1168 2217 1220 2272 168

84 2294 261 2373 πέμψαντες
282 2293 310 2365 ἔς
331 2289 401 2365 rode
428 2294 595 2373 Βραγχίδας
623 2291 819 2370 praebuerunt.
869 2292 971 2351 Aliis
963 2315 989 2351 ur
1018 2294 1084 2352 locis
1110 2286 1144 2373 (Ι.
1174 2301 1218 2356 46

83 2388 143 2440 166.
178 2379 214 2436 V
228 2378 293 2455 66)
317 2398 374 2435 nou
402 2379 516 2435 additur
535 2378 668 2436 articulus
685 2384 735 2436 aut
762 2380 929 2455 adjectivum
948 2379 1156 2457 participiumve
1177 2382 1221 2439 ul·

83 2465 150 2538 lum,
172 2465 254 2539 cujus
276 2481 310 2520 ex
334 2465 529 2521 terminatione
547 2482 635 2539 genus
659 2465 826 2523 substantivi
852 2471 1005 2542 appareat;
1038 2467 1115 2540 quod
1143 2467 1221 2525 valet

83 2552 167 2608 etiam
190 2550 229 2606 de
252 2548 312 2605 aliis
334 2547 425 2605 multis
450 2550 636 2626 posteriorum
661 2550 825 2627 scriptorum
857 2549 940 2620 loeis,
970 2550 1018 2606 ubi
1048 2550 1218 2609 Branchida-

83 2652 144 2695 rum
165 2634 339 2692 mentio-est
363 2632 482 2706 injecta,
516 2633 591 2690 unde
621 2633 719 2690 merito
749 2633 877 2690 dubitare
902 2653 969 2711 poss
957 2635 1009 2704 is,
1039 2653 1111 2692 anne
1141 2638 1218 2712 apud
1273 2712 1276 2717 Δ
1379 2652 1386 2661 ‘

81 2718 135 2778 hos
157 2717 330 2818 posteriores
352 2735 453 2775 nornen
475 2717 637 2796 Βραγχίδαι
658 2735 710 2795 pro
734 2717 785 2774 loci
806 2716 918 2774 nomine
943 2718 1081 2774 interdum
1111 2719 1218 2776 haben·

82 2805 151 2862 dum
176 2804 231 2875 sit3
256 2803 291 2859 σί.
314 2801 394 2859 Paus.
416 2799 497 2902 V,p
519 2805 572 2860 299
597 2799 720 2877 (Syle)
744 2797 820 2860 ιιατοί
845 2801 1012 2880 Βραγχίδας
1039 2797 1114 2876 πρδς
1137 2801 1217 2879 λιμέ-

80 2911 111 2951 νι
121 2881 336 2967 ὀνομαζομένῳ
350 2879 505 2967 Γανόρμρι,
509 2884 605 2942 -Vll
604 2907 653 2964 ,p
666 2890 731 2942 466.
745 2879 811 2945 τότε
823 2883 856 2945 ἐν
867 2885 1105 2964 Βραγχίδαιςιῆς
1120 2891 1218 2963 Μιλη·

79 2975 155 3045 σίας
201 2972 261 3030 Sed
287 2971 409 3045 quaein
432 2971 557 3030 Cononis
582 2970 741 3028 narratione
761 2967 882 3027 XXXlll
894 2969 957 3067 (p
979 2973 1032 3028 274
1053 2969 1108 3027 Th
1132 2970 1217 3051 Gale)

79 3057 230 3135 leguntur:
259 3052 330 3121 ὅδὲ
350 3051 483 3157 Βράγχος
507 3053 538 3128 ἕξ
568 3049 757 3126 ’Λπόλλωνος
784 3042 930 3127 ἐπίπνους
960 3077 1109 3131 μαιτιιιης
1135 3077 1219 3140 γεγο-

80 3141 140 3216 νιδς
163 3141 199 3204 ἕν
220 3134 369 3244 Διδνμοις
388 3143 431 3223 cpi
448 3140 547 3225 χωρίρι
573 3139 651 3245 ἔχρα,
678 3137 730 3199 καί
753 3138 840 3239 μέχρι
859 3143 914 3200 τοῦ
944 3142 1002 3200 νῦν
1029 3147 1217 3221 χρηστηρίων

77 3225 283 3306 Ἑλληνικῶν,
310 3247 354 3285 ων
372 3223 476 3301 lorica,
507 3219 580 3300 μετα
609 3221 748 3299 Δελφοιίς
783 3218 855 3302 apris
858 3242 939 3284 ιστον
968 3222 1156 3304 ὁμολογεῖται
1182 3224 1218 3288 cd

79 3316 142 3372 τῶν
166 3309 356 3386 Βραγχίδωι,
382 3308 451 3367 haec
477 3309 593 3366 formam
616 3332 647 3370 οι
637 3308 824 3388 Βραγχίδαι
850 3309 1000 3366 masculino
1031 3328 1134 3383 genere
1162 3332 1215 3388 pn-

76 3397 158 3455 sitam
166 3395 308 3453 indubitat
308 3392 495 3464 amreddunt3
507 3393 542 3454 el.
550 3394 632 3453 etiam
647 3395 834 3451 narrationem
843 3391 935 3449 XLIV
948 3393 989 3471 (p.
997 3395 1078 3466 696..)
1084 3401 1113 3450 et
1121 3390 1216 3452 Strab

78 3475 341 3559 x1V‚r.-te
368 3479 476 3536 monuit
503 3477 563 3555 ipse
595 3476 734 3553 Philemo,
765 3500 818 3547 τας
851 3478 1018 3552 Βραγχίδας
1045 3477 1216 3535 Graecorum

78 3565 160 3623 facile
186 3564 324 3621 nenrinetn
345 3561 456 3630 dixisse,
474 3580 566 3636 neque
581 3556 770 3619 Alexandrum
793 3560 1008 3636 grammaticum
1026 3558 1215 3635 Cotyaeusem

79 3649 226 3725 vulgatum
250 3645 361 3727 crinal.
390 3648 425 3703 96
442 3666 495 3722 pro
517 3646 638 3721 genuino
669 3645 815 3715 habuisse,
843 3644 894 3700 sed
927 3667 1034 3720 τηςι
1008 3643 1077 3721 (scil.
1106 3639 1216 3747 χώρης,

77 3734 150 3813 γῆς)
174 3732 254 3790 scribi
278 3729 413 3801 voluisse3
441 3748 501 3787 sese
530 3735 622 3787 antem
650 3729 741 3806 ipsum
771 3730 797 3785 in
826 3727 943 3801 vulgato
969 3728 1120 3786 foeminino
1141 3748 1217 3815 ιησι

77 3819 287 3896 persistendum
311 3832 374 3873 esse
398 3814 577 3886 existimasse,
599 3832 685 3888 quum
704 3813 794 3870 lones
819 3813 901 3869 etiarn
923 3812 976 3869 alia
999 3814 1122 3888 nomina,
1141 3804 1215 3871 alias

78 3901 238 3961 mascelino
256 3917 361 3975 genere
385 3906 528 3976 usurpata,
553 3897 702 3956 foeminino
730 3915 834 3974 genere
857 3896 947 3955 dicere
976 3898 1106 3975 solerent,
1149 3898 1217 3964 Qua

78 3988 115 4046 de
136 3986 236 4046 fallaci
251 3982 392 4049 ratione
381 4002 439 4071 Jam
463 4000 550 4060 supra
575 3982 700 4040 diximus.

61 4055 64 4060 ¹
163 4069 298 4128 Similiter
319 4066 465 4145 peccatum
487 4073 539 4138 est,
566 4064 696 4141 quuml.
723 4069 774 4125 192
795 4084 870 4122 nuuc
888 4065 982 4140 uulgo
995 4084 1057 4123 cum
1078 4065 1160 4121 codd
1176 4065 1215 4123 ΙΙ

80 4152 112 4215 P.
132 4154 227 4217 KP.
253 4153 336 4211 lta.
370 4171 397 4212 c.
424 4149 527 4228 legitur
559 4150 706 4228 μεδίμνου
733 4143 873 4227 Ἀττικῆς
899 4150 940 4226 (η
966 4143 1084 4226 α’ταίρβη
1113 4147 1216 4228 χωρὲιι

80 4242 169 4319 μιδίρι
167 4262 228 4302 νον
244 4230 384 4314 ’Λττιιιης
413 4237 505 4298 πλέον
531 4236 641 4312 χοίνιξι
670 4231 754 4314 τρισι
779 4230 941 4312 Ἀττικχσι)
966 4253 1017 4309 pro
1049 4231 1115 4290 olim
1142 4241 1216 4294 reete

78 4343 138 4384 mm
156 4321 452 4385 marathana
477 4320 594 4396 vulgato
620 4313 770 4392 biremi,-
791 4338 856 4376 nam
877 4317 946 4376 lll.
963 4320 1013 4375 187
1030 4336 1128 4375 omues
1143 4327 1219 4378 reete
