2942 4900
416 228 470 295 De
483 231 605 299 dialecto
618 230 786 297 montes
802 233 852 297 lit.
871 234 924 298 nt·
1195 234 1261 305 m

113 403 148 462 in
172 398 297 478 vulgetis
312 399 410 467 verbis
429 400 670 481 ιιντοιτετομίναρ
689 394 793 465 αὖτόν
812 400 889 472 (scil.
909 400 1085 483 νεοσσιέων)
1107 400 1209 469 αιίτοῖν
1229 409 1259 467 in

113 478 237 549 aritinus
261 487 363 545 mutsri
384 485 486 555 relim3
506 494 537 545 ut
555 486 580 544 l.
606 492 659 547 lua
682 487 711 545 iu
731 487 853 564 vulgetis
875 488 972 547 verbis
989 487 1071 550 πλέω
1092 490 1179 550 δαῖτα
1197 496 1260 553 τῶν

112 567 218 635 ἄλλων
243 567 319 647 (soil.
339 566 492 653 ἡμερίων)
516 591 570 648 pro
594 566 705 646 ilius,
729 589 900 649 quamquam
920 574 1003 633 etiam
1025 571 1061 635 ab
1082 570 1186 634 Athen.
1204 575 1257 641 lv.

111 660 169 721 143
191 654 247 712 hoo
268 673 303 713 ex
325 653 390 715 loeo
417 656 569 733 repetitum
600 662 663 730 est,
694 647 810 719 niiliosu
834 657 945 733 reponi.
986 656 1141 719 Praeterea
1162 658 1184 717 ί.
1206 663 1260 719 170

110 738 190 805 male
220 737 366 814 vulgatum
393 745 439 798 est
469 739 545 797 nulla
565 740 665 801 variet.
692 746 809 801 enotata
836 739 889 803 τοί
913 737 1059 821 ἄρχοντος
1082 737 1183 804 ἄλλων
1205 762 1259 821 pro

111 818 231 887 oilie‘uv
246 816 379 901 (νήσων)
394 822 458 881 Vll.
474 827 526 883 191
542 826 603 886 τοῖν
617 819 717 887 ἄλλων
731 824 901 902 Νηρηΐίων
920 846 973 903 pro
987 819 1111 888 cittium
1140 827 1190 888 lx.
1207 833 1259 887 115

111 911 178 973 vtis
193 903 295 971 sitlos
308 908 504 986 περιοικίδων
518 928 572 988 pro
595 899 768 971 altiton—
792 909 867 968 Vlll.
889 915 924 970 98
942 908 1025 973 ὅσων
1045 908 1183 991 ἡμερίων
1202 931 1257 988 pro

113 990 226 1057 ὁσέων.
255 991 304 1053 lx
328 996 362 1052 70
383 995 445 1055 τοῖν
459 997 574 1055 ίοιιιοὶν
588 992 662 1067 (εοὶΙ.
680 986 852 1071 μυριάδων)
865 1013 919 1071 pro
942 992 1080 1057 ίοιιτίων.
1096 1028 1140 1041 --
1160 995 1198 1057 ll.
1224 1002 1258 1055 15

113 1079 343 1156 Πηλουσιακῶν
376 1082 476 1156 Τιιριχ.
503 1096 558 1155 pro
584 1075 830 1155 Πηίοντιακίων.
852 1110 890 1121 -—
929 1083 960 1139 17
986 1073 1167 1157 α’μφοτέρων
1196 1074 1257 1141 τοῖν

109 1159 314 1241 ίτιωννμιέων
328 1181 382 1239 pro
396 1154 603 1239 ἀμφοτερέων.
616 1193 654 1206 ·-
677 1166 728 1223 137
744 1160 854 1241 ἑτέρων
867 1162 1061 1241 τασσομένων
1071 1168 1188 1227 πολίων
1202 1182 1256 1241 pro

110 1244 241 1324 ἑτερέων
257 1243 463 1323 τασοομενέον
476 1247 602 1307 πολίων.
631 1245 681 1306 lv.
703 1252 758 1306 114
773 1245 927 1324 ripetepoiv
939 1253 1093 1326 γνναιτιων
1105 1268 1160 1326 pro
1183 1245 1256 1325 ripa-

110 1330 235 1411 τιρίων.
271 1329 347 1394 Vlll.
371 1334 407 1389 16
426 1324 488 1392 sind
513 1334 589 1391 noo
614 1323 725 1410 ὀλίγον
746 1338 776 1389 et
798 1331 848 1391 lx.
868 1339 903 1391 45
921 1324 1031 1414 o'llyow
1051 1330 1187 1412 ἡμερίων
1201 1351 1255 1409 pro

111 1410 254 1496 dtr-pins.
276 1413 323 1477 vl.
346 1422 381 1475 lo
401 1417 462 1476 τῶν
484 1413 638 1496 σφετέρων
657 1418 735 1493 osuiu
754 1422 784 1474 et
801 1415 868 1474 Vll.
890 1421 943 1476 118
962 1418 1079 1479 τιοίίων
1098 1420 1161 1478 τείν
1182 1436 1256 1493 σφε·

110 1500 210 1581 eipso
239 1505 270 1558 et
302 1497 352 1557 IX.
384 1505 435 1558 106
463 1503 525 1561 τοῖν
553 1497 705 1577 σφετέρων
738 1492 903 1563 ἄποιτιίων
929 1520 983 1579 pro
1013 1500 1190 1581 σφετερέων.
1210 1533 1255 1545 -
1285 1518 1310 1564 ,·

111 1582 229 1655 Quibus
249 1584 278 1642 in
300 1583 447 1659 adjectivis
466 1591 496 1645 et
518 1584 676 1662 participiis
698 1584 847 1658 berytonis
867 1585 897 1643 in
920 1609 973 1658 ος,
999 1588 1038 1664 ἡ,
1067 1610 1104 1649 ον
1124 1585 1255 1647 exeunti·

112 1669 182 1744 lius,
201 1686 291 1745 quum
311 1668 436 1729 omnium
456 1668 566 1745 primae
585 1668 782 1727 declinationis
803 1671 949 1730 somnum
959 1671 1121 1731 terminatio
1136 1670 1254 1746 genitivi

109 1753 232 1834 pluralis
254 1752 331 1831 apud
353 1750 532 1813 Herodotum
553 1753 581 1810 in
599 1751 662 1816 {Es
684 1758 779 1826 exeat,
802 1753 870 1812 illud
889 1761 1086 1833 praeceptum,
1105 1756 1134 1812 in
1149 1753 1253 1813 Atticis

109 1838 228 1917 quidem
248 1837 368 1913 aliisque
386 1838 501 1917 scriptis
522 1837 689 1915 probemur,
720 1855 756 1894 ex
778 1854 837 1913 quo
861 1837 909 1897 illa
928 1839 1084 1897 foeminina
1102 1845 1252 1903 noeentum

108 1921 231 2000 genitivi
248 1920 365 1999 muralis
383 1922 425 1981 ad
446 1922 658 1981 similitudinem
674 1921 893 1981 masculinorum
902 1924 1045 1982 secundae
1054 1921 1252 1983 tedmauoois

109 2005 280 2079 molon,
300 2005 367 2063 nihil
386 2004 481 2064 volere
500 2025 599 2083 posse,
620 2025 705 2069 nemo
721 2009 767 2064 est
788 2007 856 2084 quin
877 2006 1025 2083 intelligat.
1353 2021 1361 2032 ·

199 2088 259 2148 Sed
280 2089 420 2149 nonnulis
440 2091 468 2149 iu
488 2090 657 2165 nominibus,
677 2092 706 2148 in
727 2086 767 2167 31}
779 2091 960 2167 exeuntibus,
979 2091 1116 2149 incertos
1125 2089 1251 2164 videtur,

110 2180 209 2237 anum
229 2174 382 2233 secundum
398 2175 530 2251 primam,
551 2192 587 2233 sn
608 2175 767 2235 secumdum
788 2177 902 2235 tertiam
923 2175 1065 2235 flectenda
1085 2175 1143 2233 siut
1162 2173 1251 2233 dedi-

109 2260 265 2333 nouom,
284 2276 373 2334 quom
388 2277 487 2317 eorum
509 2259 650 2334 genitivus
667 2260 820 2336 singularis
836 2279 895 2319 nou
913 2260 1007 2321 solum
1026 2278 1063 2318 ex
1081 2259 1250 2317 Herodoteo

109 2360 191 2401 more
211 2343 241 2400 lu
259 2340 318 2419 ᾗ),
337 2342 389 2402 sed
408 2343 492 2403 etiam
509 2344 538 2403 in
557 2343 604 2420 {a}
623 2345 790 2404 terminatus
810 2345 978 2405 inveniatur.
1023 2343 1105 2411 Quae
1125 2343 1250 2403 varietas

110 2445 281 2505 quamquem
302 2433 423 2507 propter
438 2433 546 2489 tuntum
565 2431 665 2494 harum
686 2429 919 2490 terminatiosum
935 2428 1163 2503 similitudinem,
1180 2446 1250 2506 pro·

108 2518 174 2591 pter
188 2520 246 2574 tam
267 2514 408 2589 insignem
427 2513 521 2572 udos
542 2515 572 2573 in
591 2516 663 2575 louis
682 2515 741 2590 jam
763 2514 971 2591 deprehensam
987 2513 1145 2572 soritarum
1155 2510 1250 2589 negli-

108 2598 247 2673 gentum,
266 2597 333 2656 ollii
354 2617 409 2655 nos
429 2600 535 2658 motari
551 2617 641 2676 posse
662 2600 802 2677 videatur,
822 2601 918 2657 tamen
935 2617 1020 2674 quum
1035 2596 1155 2655 aliorum
1163 2598 1250 2656 etiam

108 2683 137 2742 in
160 2682 297 2759 seriptis,
318 2682 438 2758 aliisque
459 2684 488 2740 in
507 2683 621 2742 casibus
642 2700 679 2742 en
698 2684 876 2760 reperiatur,
894 2689 1026 2740 nontam
1047 2681 1146 2739 leviter
1165 2680 1248 2740 nobis

108 2766 351 2843 attingendnest.
393 2767 455 2826 Hoc
477 2766 554 2825 aliod
579 2767 717 2828 accedit..
748 2766 948 2826 Accusativum
963 2765 1138 2840 singularem
1156 2763 1248 2822 nomi·

108 2869 176 2910 num
204 2850 233 2914 in
253 2850 290 2929 ἧς
310 2851 417 2928 primae
438 2850 633 2912 declinationis
649 2850 821 2910 Ηετοιίοῑοο
849 2869 907 2908 non
927 2866 1041 2926 semper
1061 2849 1092 2905 in
1113 2870 1167 2925 ην,
1194 2847 1248 2906 sed

109 2934 297 3013 saepissime,
324 2941 354 2994 et
379 2936 499 2994 maxime
533 2936 562 2993 in
588 2934 750 2993 nominibus
776 2934 920 3014 propriis,
946 2934 976 2992 in
1000 2930 1037 2997 εῖτ
1057 2932 1190 2991 formavit
1206 2927 1247 3006 *),

108 3019 185 3078 uude
206 3035 311 3094 magna
339 3024 369 3077 et
390 3018 545 3078 similitudo
568 3025 597 3078 et
617 3019 749 3077 confusio
771 3038 835 3078 oum
854 3018 1016 3082 aceruativo
1037 3017 1138 3075 tertiae
1159 3014 1248 3075 deeli-

107 3102 244 3176 nationis,
264 3121 355 3181 aeque
374 3121 431 3162 non
453 3108 599 3165 contracte
616 3102 652 3164 ab
671 3103 823 3168 Herodoto
842 3110 990 3181 usurpato,
1011 3108 1076 3162 orta
1097 3107 1157 3173 est3
1178 3100 1248 3178 quin

109 3188 194 3246 οῑίοο]
225 3186 368 3246 absurdae
395 3186 460 3246 illae
484 3187 637 3246 accusativi
657 3186 776 3265 pluralis
800 3188 908 3247 formae
939 3183 1100 3258 donnoniae
1129 3186 1173 3245 vel
1200 3186 1248 3247 de·

108 3263 248 3344 σιτότειις,
269 3270 437 3351 διφθερίας
446 3277 517 3346 eto,
537 3272 584 3331 hie
604 3272 659 3331 illic
678 3273 708 3330 iu
720 3271 896 3331 Herodoteis
916 3273 995 3331 libris
1017 3272 1128 3344 obviae,
1144 3270 1248 3347 partim

107 3373 143 3436 ᾳ
160 3355 214 3422 hae
228 3356 415 3431 nouissime,
449 3358 553 3434 partim
583 3376 616 3414 ex
642 3375 733 3435 pravo
763 3357 888 3431 quodam
907 3358 1024 3415 louismi
1044 3356 1139 3413 studio
1161 3361 1246 3412 notae

66 3450 175 3498 ''⁴esse
195 3439 335 3502 videntur.
381 3440 426 3499 Ex
442 3440 620 3519 appellativis
640 3441 715 3500 euim
735 3440 897 3498 nominibus
915 3442 944 3497 in
964 3440 1002 3514 ἦξ
1025 3439 1133 3515 primae
1157 3435 1246 3493 deeli-

105 3523 232 3582 nationis
247 3523 395 3584 hosonio
416 3530 526 3588 tontum
549 3517 708 3602 δεσπότης,
725 3522 932 3601 κυβερνήτης,
951 3515 1110 3596 iniurium,
1127 3536 1247 3578 accusa·

105 3606 193 3665 tirum
219 3608 392 3684 singularem
421 3609 499 3686 apud
520 3609 700 3669 Herodotum
720 3610 751 3667 in
773 3606 814 3670 εὀἶ
835 3610 963 3671 flectunt,
1005 3605 1055 3663 Sis
1080 3602 1105 3664 1.
1138 3609 1173 3662 ll
1195 3602 1245 3665 dt·

104 3685 213 3754 oense
234 3691 288 3756 bis.
309 3693 334 3757 l.
355 3693 472 3757 9l.'.ll'·
495 3698 540 3755 lt.
569 3694 626 3754 ΠΙ.
649 3686 824 3756 limitent
842 3690 964 3766 vulgat,
985 3689 1032 3749 obi
1042 3688 1158 3767 quidem
1178 3688 1244 3750 cod.

155 3957 202 4022 ⁴¹⁸¹)
232 3957 320 4020 Quam
345 3954 515 4011 mutationem
531 3958 612 4010 etism
628 3957 656 4010 in
675 3953 830 4026 quibusdum
849 3954 988 4007 verborum
1005 3952 1209 4007 tornutionibus
1227 3968 1244 4004 ο

102 4023 161 4092 legs
176 4026 290 4094 quadani
307 4024 398 4079 Ionios
414 4041 562 4091 neumare,
581 4032 670 4079 notun
688 4032 741 4092 est,
757 4025 793 4077 ol.
809 4024 880 4078 lutra
895 4022 923 4078 in
939 4023 1010 4078 libro
1026 4029 1120 4094 questo
1136 4022 1187 4078 sub
1201 4020 1243 4074 11.

103 4101 130 4145 οι
142 4093 175 4146 V.
192 4094 247 4147 Sed
261 4094 297 4158 ld,
313 4101 344 4149 nt
361 4093 544 4161 canusinum,
564 4094 626 4150 nihi
644 4097 803 4150 observasse
821 4091 924 4162 videor,
941 4109 1072 4162 nunqnam
1089 4091 1157 4144 hanc
1168 4090 1242 4142 ioni-

101 4176 155 4214 cam
174 4161 407 4232 Herodoteamqus
424 4164 569 4216 accusativi
594 4164 693 4233 primos
716 4161 899 4215 declinationis
922 4161 1132 4215 terminationem
1158 4157 1186 4211 in
1208 4174 1243 4214 ιω

100 4238 161 4284 aute
181 4231 298 4286 vocalem
316 4242 362 4285 ant
377 4230 565 4302 diphthongum
575 4232 707 4296 inveniri3
725 4232 753 4286 id
763 4231 831 4301 quod
845 4238 873 4284 et
885 4246 1009 4283 recensus
1024 4230 1166 4296 nominum,
1183 4244 1241 4280 mox

100 4296 278 4368 exhibendos,
295 4301 363 4355 sstls
380 4313 513 4370 sumque
529 4300 704 4359 confirmabit.
