2942 4900
419 182 465 244 lle
484 184 608 250 dialecto
629 183 801 246 Herodotea
819 184 918 248 nur.
1017 211 1027 235 ν
1112 214 1116 226 ·
1195 183 1239 250 85

89 349 268 432 perspicuas
291 352 383 427 ordo,
403 367 574 431 quamquam
596 370 653 410 non
674 352 832 429 genuinus,
851 351 897 436 rel
919 371 985 411 casu
1006 354 1131 430 quodam
1152 356 1237 416 etiam
1272 405 1274 410 .

90 443 156 498 tum
182 437 290 496 exoriri
310 442 424 516 potest,
450 456 539 514 quum
556 435 663 494 librarii
683 457 782 496 errore
804 442 854 494 aut
874 437 1049 513 negligentia
1071 446 1238 517 peccarunt,

91 527 126 584 ut
148 520 269 597 singulo
290 540 406 598 qnoque
427 521 456 584 in
477 521 562 598 loco,
592 539 665 600 quae
693 521 780 580 suerit
802 523 1024 599 perturbationis
1050 541 1155 599 eausa,
1182 543 1236 600 pro

90 605 249 686 explorato
270 605 340 665 nihil
355 606 526 680 contendas,
543 606 599 665 nisi
615 605 671 664 alia
693 608 777 664 etiam
798 606 993 682 negligentiae
1013 607 1118 666 iudicia
1139 626 1238 667 acces·

91 692 201 753 serint.
244 691 425 768 Quamquam
444 690 520 749 hand
541 710 632 769 nego,
658 690 788 748 diversas
816 709 886 758 esse
908 710 1029 765 causas,
1056 710 1238 770 consequens

91 782 194 837 tameo
208 775 288 835 idem
303 793 367 834 esse
382 780 489 853 potest.
530 776 566 834 ld
580 774 658 852 qnod
678 780 708 833 et
729 775 800 834 haec
817 794 851 833 ex
863 775 1038 835 Herodoteis
1051 776 1131 836 libris
1149 776 1237 836 allata

91 861 230 939 exempla
245 858 494 920 demonstrabunt.
537 860 561 919 Ι.
580 866 606 920 1.
631 855 781 932 Φοίνικάς
801 879 877 936 φασι
892 858 1032 940 γενέσθαι
1052 864 1107 939 τῆς
1128 851 1238 939 διαφο-

93 948 155 1027 ρῆς
176 945 298 1022 αίτίους
321 944 387 1004 Ald.
415 944 512 1004 etalii
540 945 616 1021 vulg.
665 946 814 1017 Φοίνικας
842 944 959 1017 αἰτίους
989 944 1066 1022 φασὶ
1094 944 1236 1026 γενέσθαι

92 1035 149 1106 τῆς
171 1032 262 1107 drap.
284 1029 380 1088 Beldn
422 1030 481 1088 Sed
502 1029 682 1088 Ptolemaeus
699 1028 796 1107 Heph.
819 1029 880 1103 ΙΙΙ,
897 1051 927 1105 p.
947 1034 1001 1093 314
1019 1029 1111 1108 solum
1133 1032 1236 1108 genui-

93 1133 162 1176 num
174 1133 319 1196 ¹servasse
338 1112 405 1170 mihi
420 1114 532 1176 ridetur
545 1115 687 1188 ordinem:
714 1116 858 1189 Φοίνικας
876 1115 990 1186 αἰτίους
1012 1113 1153 1194 γενέσθαι
1175 1138 1236 1189 φα·

94 1199 127 1264 ol
151 1203 214 1277 ’τῆς
243 1201 404 1278 desponde.
446 1197 471 1258 Ι.
499 1204 533 1262 14
560 1188 629 1261 ln'
652 1188 742 1262 odolo
768 1193 825 1280 γὰρ
847 1197 922 1280 μέγα
946 1199 1033 1281 ἔργον
1056 1190 1112 1260 ἄντ’
1139 1190 1238 1261 αὔτοῦ

95 1279 171 1348 itte
193 1281 319 1365 ἐγίνετο,
341 1302 426 1359 quem
444 1282 589 1359 vulgatum
611 1282 710 1343 honum
732 1285 880 1342 verborum
903 1284 1031 1354 ordinem
1053 1284 1137 1342 etiam
1152 1285 1234 1344 Suid,

95 1388 120 1427 τ.
135 1388 162 1428 v.
186 1361 291 1451 Γύγης
308 1367 441 1439 exhibet3
461 1368 514 1426 sed
535 1369 601 1429 cod.
622 1368 657 1425 F.
681 1368 856 1446 sic-posuit:
882 1359 951 1429 ἄλλ’
972 1362 1062 1430 oddiv
1083 1365 1139 1449 peip
1161 1367 1236 1449 μέγα

94 1444 155 1515 rin'
177 1444 274 1518 arisai
294 1446 368 1522 ἄλλο
390 1451 487 1533 ἔργον.
531 1452 602 1511 Vide
624 1460 653 1509 et
674 1452 743 1511 Var.
761 1451 860 1522 ¹Lectt
881 1453 918 1511 ad
940 1452 964 1510 Ι.
990 1459 1035 1515 22.
1056 1457 1101 1517 27.
1120 1458 1166 1512 30.
1187 1458 1233 1513 53.

93 1541 138 1599 57.
156 1543 204 1598 60.
226 1541 270 1599 77.
292 1541 340 1598 94.
360 1544 420 1598 102
444 1542 506 1602 106·
528 1541 589 1600 197.
612 1542 673 1596 198.
695 1543 756 1599 131.
777 1542 839 1598 141.
861 1538 899 1595 ΙΙ.
917 1542 961 1596 40.
981 1538 1016 1597 V.
1037 1544 1088 1600 101
1107 1543 1137 1595 et
1157 1536 1237 1598 alibi.

4 1665 5 1674 .
93 1621 253 1684 Praeterea
279 1623 304 1688 Ι.
329 1627 380 1684 125
403 1621 489 1697 vulgo
512 1622 584 1684 male
609 1623 717 1680 editur:
746 1621 907 1701 νῦνᾈίφη
930 1646 961 1685 τε
980 1621 1084 1703 λίγων,
1106 1611 1133 1685 oi
1155 1621 1235 1703 nlo·

93 1728 155 1779 οαο,
176 1702 377 1790 προαγορεύω
394 1697 475 1785 ὑμῖν,
495 1707 559 1782 sed,
576 1726 661 1783 qrrurn
679 1712 737 1767 νῦν
753 1709 817 1783 ipsa
833 1709 870 1765 ad
891 1707 978 1764 verba
994 1707 1061 1783 Cyri
1080 1707 1236 1785 pertineat,

93 1799 176 1871 patet
194 1812 262 1851 eum
280 1792 418 1859 ordinem,
441 1791 489 1868 qui
502 1792 539 1852 -in
560 1791 659 1849 codice
676 1791 708 1847 S.
727 1800 872 1867 servatur,
892 1792 1047 1868 genuinum
1068 1810 1152 1854 esse:
1175 1795 1234 1854 νῦν

78 1875 141 1951 τε,
163 1877 227 1957 ἔφη
247 1874 352 1956 λέγων.
395 1875 530 1935 Similiter
549 1876 576 1937 Ι.
599 1881 652 1935 118
672 1878 715 1959 τῷ
735 1898 765 1937 τε
789 1871 846 1957 yolo
868 1874 1078 1960 πεποιημένῳ,
1106 1873 1166 1954 ἔφη
1188 1875 1234 1938 λέ·

94 1985 180 2046 γαν,
213 1961 244 2035 lc
271 1955 330 2024 τόν
353 1962 448 2022 παῖδα
470 1984 496 2021 κ.
518 1964 590 2023 τί.
633 1959 685 2019 ΙΙΙ.
708 1965 760 2019 156
791 1965 849 2022 νῦν
873 1983 921 2034 τε,
950 1958 1009 2038 ἔφη
1032 1959 1144 2041 λέγων,
1175 1955 1234 2040 ἒγοί

4 2071 5 2078 “
92 2040 172 2125 υμῖν
186 2042 402 2128 impletores
417 2036 551 2125 οἶγαθόν.
599 2044 800 2114 Quodarrtem
822 2046 860 2104 ad
880 2045 981 2103 horum
1001 2045 1152 2104 verborum
1173 2042 1234 2123 ἔφη

93 2131 191 2214 λίγαα
208 2132 380 2211 positionem
401 2130 520 2204 attinet,
542 2130 826 2189 animadvertendum
848 2136 905 2203 est,
925 2130 974 2200 illa
994 2150 1061 2190 mox
1081 2130 1123 2188 sie
1143 2128 1236 2190 collo-

95 2222 162 2276 cata
181 2237 265 2291 esse,
286 2234 352 2275 mox
369 2215 413 2274 sic
434 2214 516 2298 ἔλεγε
537 2208 617 2290 φάς,
638 2214 715 2296 λέγει
735 2207 799 2292 φάς
820 2215 866 2274 vel
888 2207 1023 2293 φάμενος
1031 2253 1042 2291 ,
1064 2215 1101 2273 cf.
1122 2211 1147 2277 I.
1169 2220 1235 2273 122.

94 2302 144 2361 lv.
167 2308 214 2363 43.
236 2301 274 2360 V.
298 2305 341 2362 18.
368 2304 412 2364 39.
433 2308 477 2361 50.
499 2305 544 2360 67.
565 2300 613 2364 Vl.
636 2304 743 2368 67.80.
765 2306 810 2363 81.
831 2305 868 2360 82
888 2306 941 2359 etc.
965 2306 1019 2360 etc.
1055 2334 1097 2346 -
1134 2297 1157 2359 l.
1181 2302 1235 2378 138

95 2392 195 2464 ξεῖνον
211 2386 244 2455 di
261 2381 365 2451 πάντα
380 2380 432 2449 τὸν
455 2379 684 2471 λαμβανόμενον
704 2379 767 2451 dod
781 2384 911 2449 τουτέων
925 2385 1029 2467 ootloi
1042 2376 1235 2460 ἐξελαύνουσι
1291 2447 1300 2463 .

96 2473 129 2537 ia
149 2479 204 2553 τῆς
227 2468 344 2552 μοίρης,
365 2472 417 2535 nod
437 2466 622 2545 tietevorde
642 2465 833 2551 conptemptis,
853 2468 907 2548 την
929 2462 1025 2549 αὐτην
1047 2471 1148 2547 αἰτίην
1168 2468 1232 2532 ἐπτ-

96 2559 242 2640 οίροντες
262 2560 304 2616 οἱα
323 2557 409 2634 vulgo
430 2557 502 2616 haec
520 2557 606 2619 rerba
628 2557 820 2627 collocantem
841 2556 934 2615 Gaisi.
950 2576 1012 2614 cunr
1029 2558 1093 2620 cod.
1108 2556 1143 2620 F.
1160 2560 1232 2617 ττοί-

95 2646 141 2707 iol
158 2644 211 2707 καί
233 2637 432 2719 testudinum.
474 2643 536 2703 Sed
564 2642 680 2703 Reizius
710 2640 788 2699 solus
815 2660 912 2698 veram
939 2642 1059 2699 istorum
1081 2639 1236 2699 verborum

96 2730 315 2789 collocationem
335 2727 403 2786 milri
420 2727 566 2788 iuvenisse
586 2726 709 2802 ridetur,
729 2746 816 2801 quum
831 2724 872 2783 sic
890 2724 935 2781 ille
949 2724 1108 2799 scripserit:
1130 2725 1232 2797 ξεῖνον

96 2810 247 2878 diodoro
267 2808 321 2879 cdv
341 2814 430 2893 λαμβ.
451 2804 514 2877 dud
536 2833 616 2873 τοντ.
639 2806 834 2884 ίξείαύνουσι
855 2808 889 2870 ἐκ
911 2813 964 2886 τῆς
984 2801 1098 2887 γοίρης,
1127 2806 1232 2868 πολλοὶ
1340 2880 1345 2885 μ

96 2898 144 2963 ταί
164 2896 221 2973 τοὶς
241 2904 321 2962 ooo
342 2916 455 2976 περιοτ.
480 2921 510 2961 τι.
528 2901 599 2959 τί.
632 2929 676 2942 --
711 2895 762 2956 ΙΙΙ.
784 2899 835 2954 135
865 2896 960 2967 ταῦτα
987 2887 1052 2955 elne
1085 2890 1137 2952 aod
1167 2884 1231 2968 {ipa

93 2985 166 3065 istoc
181 3008 213 3049 τε
233 2983 286 3047 καί
304 2983 393 3065 ἔργον
411 2981 525 3058 ἐποίεε,
555 2983 597 3039 sic
621 2987 700 3040 recte
720 3001 797 3039 nuuc
818 2979 895 3055 vulg.
921 2998 984 3037 cum
1005 2979 1037 3036 S.
1058 2976 1094 3035 V.
1120 2982 1150 3036 et
1170 2976 1230 3035 Eu-

98 3071 181 3130 rtatlr.
202 3071 242 3129 ad
262 3068 296 3129 ll.
313 3089 344 3147 p.
364 3073 435 3131 1182
448 3071 576 3127 :1249
597 3060 687 3143 (daeo
704 3056 870 3145 Ἡρόδοτος
893 3060 1026 3143 ζηλώσας
1049 3061 1139 3140 φησί,
1161 3066 1231 3124 ταῦ·

98 3180 131 3218 τα
150 3151 229 3226 elur,
249 3153 301 3217 καί
323 3149 385 3232 ἅμα
406 3151 478 3224 laroc
500 3175 531 3214 τε
552 3151 605 3214 καὶ
622 3151 711 3233 ἔργον
733 3150 873 3227 ἐποίεεν.)
895 3146 1065 3227 quamquam
1087 3147 1172 3207 codd.
1193 3148 1230 3211 P.

98 3241 135 3302 tt
155 3242 229 3299 hanc
242 3239 383 3318 praebent
404 3237 622 3305 collocationem
644 3244 731 3313 atque
753 3234 1018 3313 interpolationem:
1039 3227 1102 3310 ἅμα
1115 3220 1144 3295 τ’
1158 3231 1231 3305 iicon

98 3326 153 3404 ipa
174 3323 351 3403 (inornati.
380 3330 410 3383 et
430 3323 552 3399 Valet.)
581 3321 633 3383 nni
653 3321 742 3402 ἔργον
762 3321 876 3393 laotos,
906 3325 936 3378 et
960 3321 1024 3377 cod.
1047 3336 1091 3374 a:
1115 3311 1177 3389 dnn
1197 3340 1229 3379 τε

97 3412 167 3484 ἔπος
184 3402 217 3472 τ’
243 3404 309 3473 alui
324 3402 355 3470 τ’
377 3408 465 3490 ἔργον
488 3408 598 3479 ἐποίεε,
618 3412 648 3466 el
670 3409 735 3467 eod.
752 3402 795 3465 F.
816 3406 868 3467 ναί
891 3400 952 3482 ἅμα
973 3398 1002 3464 τ’
1022 3400 1094 3473 ἔπος
1115 3396 1145 3461 τ’
1166 3398 1230 3464 elne

98 3496 145 3561 ani
162 3495 256 3578 ἔργον
275 3494 383 3557 ἐποίεε.
426 3494 488 3552 Sed
508 3495 593 3551 istam
613 3508 708 3549 reram
729 3493 822 3570 primo
845 3490 909 3546 loco
926 3490 1048 3563 positam
1063 3487 1230 3546 collocatio·

98 3602 159 3643 nem
187 3578 287 3639 etalii
316 3585 346 3637 et
366 3579 394 3635 hi
419 3580 586 3639 confirmare
613 3584 734 3655 possunt
756 3576 826 3633 toci:
851 3572 901 3631 ΙΧ.
922 3576 970 3632 92:
999 3567 1092 3631 τοῦτοί
1115 3595 1144 3634 τε
1167 3567 1230 3651 ἅμα

97 3658 222 3748 ἤγόρευε
244 3664 299 3727 καὶ
317 3659 352 3727 τὸ
368 3663 457 3749 ἔργον
476 3665 622 3744 ττροςῆγε,
638 3663 689 3720 IX.
713 3667 760 3721 16:
782 3651 876 3721 ταῦτά
897 3679 928 3720 τε
949 3652 1009 3735 ἅμα
1028 3651 1082 3716 riv
1105 3656 1229 3734 Πέρσην

97 3752 192 3833 λέγειν
211 3749 265 3813 rud
280 3748 537 3829 pertinuerant·
563 3749 618 3821 (sic
637 3767 712 3806 nuuc
734 3752 812 3803 recte
834 3743 910 3818 vulg.
933 3763 998 3800 cum
1019 3741 1050 3802 S.
1066 3740 1122 3814 V.‚
1143 3761 1229 3817 quum

97 3838 160 3897 ol'm
178 3837 256 3899 male
277 3836 429 3894 ederetur:
448 3837 540 3899 ταῦτα
562 3827 625 3911 ἅμα
644 3852 675 3893 τε
696 3825 750 3892 riv
774 3830 865 3904 Πὲρο.
887 3851 914 3888 κ.
929 3852 953 3889 τ.
968 3828 1023 3900 i).v
1037 3859 1073 3869 -
1096 3826 1142 3884 De
1161 3844 1229 3883 vera

97 3924 238 4000 positione
258 3919 413 4001 particulae
435 3943 466 3981 τε
486 3920 516 3977 in
539 3919 632 3976 verbis
655 3911 729 3976 doec
751 3937 782 3976 τε
806 3905 896 3976 δόλου
919 3913 968 3976 καὶ
991 3902 1107 3990 daorsis
1129 3909 1164 3983 (l.
1180 3913 1225 3969 69.

97 4008 141 4067 ΙΧ.
163 4008 196 4085 7)
223 4013 255 4066 et
275 4004 503 4074 similibusvide
525 4002 687 4076 Schweigh.
708 3997 781 4061 Lex.
802 4000 911 4063 Herod.
933 4021 955 4057 s.
978 4018 1004 4053 v.
1026 4017 1066 4056 τε.
1104 4027 1139 4035 -
1177 3995 1226 4051 Vl.

99 4100 143 4154 101
169 4110 225 4172 pro
253 4090 370 4166 vulgata
397 4109 521 4164 veraque
551 4089 703 4146 verborum
726 4085 915 4143 collocatione
934 4076 1044 4145 τούτου
1070 4097 1124 4153 σφι
1145 4079 1227 4154 ἔμελε

95 4178 179 4261 nipe,
205 4176 343 4238 exhibent
368 4174 453 4235 codd.
475 4177 507 4234 S.
534 4173 588 4248 R,
618 4192 691 4248 quos
711 4170 836 4230 nonnulli
858 4187 1007 4248 perperam
1029 4164 1110 4238 sequi
1128 4160 1227 4223 volue-

95 4271 173 4343 rnut,
195 4262 308 4328 τουτου
329 4260 472 4344 opinior
490 4260 582 4340 ἔμελε.
611 4259 684 4333 >Sed
706 4265 767 4316 tum
795 4256 973 4335 praepositio
995 4249 1148 4328 περίνοια
1171 4268 1228 4331 σφι
