2942 4900
842 176 937 242 De
981 171 1226 241 dialecto
1257 178 1599 243 Herodotea
1640 181 1739 246 lib.
1774 183 1849 248 Π.
2351 185 2479 256 193

165 340 296 423 τήν
346 337 647 423 ἐπαοιδήν
689 344 736 409 1.
781 348 885 407 132
927 345 1107 420 (Lob.
1136 345 1350 423 Phryn.
1391 344 1454 428 ‘p.
1497 355 1645 425 243).
1732 344 2034 431 (ἀοίδιμος
2074 352 2152 414 11.
2191 360 2281 417 70.
2318 344 2471 433 135.)

164 430 300 488 Sed
351 427 753 511 χρησμῳδέων
796 429 923 488 VII.
965 437 1001 491 6
1060 437 1120 489 et
1179 434 1459 514 συνῳᾶόν
1499 434 1572 497 V.
1618 438 1724 509 92,
1776 440 1813 495 3
1854 456 1974 496 non
2020 437 2189 499 aliter
2228 441 2467 517 figurari

163 515 451 591 potuisse
495 514 799 590 videntur,
845 520 910 571 ut
946 510 1305 599 κιθαρῳδόν
1341 516 1391 574 Ι.
1433 522 1528 593 24,
1573 537 1935 595 quamquam,
1978 522 2028 580 si
2070 525 2285 583 nostris
2324 525 2466 585 lexi-

163 598 258 656 cis
307 603 408 656 est
446 598 614 673 fides,
655 593 985 671 συναοιδός
1022 618 1139 658 non
1181 599 1351 677 plane
1387 601 1719 660 inusitatum
1761 604 1939 662 fuisse
1980 606 2239 681 videtur,
2265 617 2465 669 nostro

165 686 338 760 certe
386 682 656 759 scriptori
702 679 1159 759 abjudicandum.
1210 716 1280 725 —
1347 684 1425 742 Et
1469 677 1653 766 ἀείρω
1697 687 1959 746 omnibus
2000 687 2058 747 in
2103 688 2266 748 libris
2307 697 2463 753 recte

163 766 464 825 retinetur
505 765 593 823 his
637 768 696 826 in
741 766 915 826 locis:
970 765 1051 829 11.
1097 772 1199 826 125
1241 759 1568 849 ἀείροντες.
1653 768 1699 827 Ι.
1741 776 1849 831 204
1890 768 2268 853 ἐπαείροντα.
2354 775 2461 835 111.
2535 819 2544 827 -

164 854 281 908 144
311 844 717 929 α’νταείρεται.
812 849 882 909 ΙΙ.
926 857 1028 910 125
1078 845 1313 928 ἤειρον.
1398 851 1554 912 Vm.
1590 857 1661 911 56
1710 846 1992 930 ἀείροντο
2035 860 2276 936 (repone
2302 852 2459 940 ἦείρ.

166 933 308 991 vide
356 931 561 1010 infra).
647 928 1096 1016 ἀνταειρόμενοι
1128 933 1255 999 Vn.
1300 942 1422 1003 101.
1476 934 1633 996 VIII.
1679 942 1804 1011 140,
1848 946 1901 998 1.
1988 932 2460 1022 ἀπαειρόμενον

165 1015 306 1075 vn.
357 1022 488 1081 209.
574 1013 893 1098 ἀείρεσθαι
935 1019 1029 1085 IV.
1072 1024 1158 1076 50.
1214 1009 1570 1101 (ἀείρασθαι
1608 1022 1699 1092 8.)
1743 1022 1816 1084 cf.
1858 1022 2110 1101 Hesych.
2151 1024 2214 1102 1,
2255 1047 2317 1105 p.
2355 1031 2461 1088 108

166 1100 473 1175 (Albert).
543 1093 972 1181 ἀνταείρεσθαι
1019 1101 1147 1161 vn.
1199 1108 1320 1165 143.
1391 1135 1481 1148 --
1550 1103 1879 1185 ἀερθέντες
1931 1107 1981 1171 Ι.
2026 1114 2149 1169 165.
2219 1109 2319 1168 ΙΧ.
2363 1118 2454 1171 52.

165 1176 623 1265 ἀνταείρασθαι
675 1187 800 1251 VH.
845 1193 970 1248 212.
1058 1180 1456 1291 ἀειραμένους
1496 1188 1627 1248 VH.
1675 1193 1777 1248 156
1818 1190 1930 1265 (sic
1973 1210 2100 1268 cum
2140 1191 2226 1254 M.
2266 1194 2335 1254 Ρ.
2376 1194 2455 1256 K.

166 1261 708 1414 iimi‘ffm‘sfi
735 1266 1888 1433 220⁸·.?.24.„23⁰‡2{3⁰3.22¹¹3.3133..
1929 1269 2458 1421 5⁹{55“’“.‘;{¹{‚t¹;{

166 1439 348 1499 codd.
391 1439 473 1497 M.
519 1438 600 1497 K.
641 1440 710 1497 F.
748 1457 803 1497 a.
838 1438 986 1497 male
1027 1439 1417 1516 αἱρεθέντας,
1451 1460 1562 1518 pro
1606 1436 1965 1521 ἀειράμενοι
2010 1443 2109 1505 VI.
2156 1380 2226 1502 1¹51
2279 1445 2453 1505 codd.
2489 1431 2506 1442 Χ

165 1523 231 1583 S.
281 1522 358 1586 V.
409 1518 764 1603 αἰράμενοι;
805 1542 915 1600 pro
958 1518 1190 1601 ἐξήειρε
1230 1524 1330 1583 VI.
1375 1530 1479 1585 126
1522 1516 1752 1626 vusgato
1795 1544 1922 1583 cum
1965 1524 2045 1586 M.
2094 1526 2157 1585 Ρ.
2202 1526 2313 1604 Κ.,
2365 1527 2461 1603 ἐξο·

163 1610 275 1685 ἥρε
318 1606 461 1680 alii,
513 1606 723 1686 ἐξῆρεν
763 1609 826 1665 8.
869 1600 1132 1688 ἐξήγειρε
1173 1609 1244 1670 F.
1293 1641 1397 1685 --,
1449 1627 1557 1685 pro
1603 1605 1954 1687 ἀειράμενοι
1996 1613 2084 1684 (7,
2134 1613 2260 1681 132)
2302 1631 2456 1671 nunc

167 1690 407 1790 vulgato
442 1710 568 1748 cum
611 1693 682 1750 F.
727 1690 891 1768 (olim
934 1686 1310 1771 ἀειρόμενοι)
1368 1692 1540 1754 codd.
1585 1692 1651 1750 P.
1692 1693 1756 1749 S.
1803 1687 2157 1773 αι’ράμενοι,
2203 1696 2331 1753 cod.
2375 1696 2454 1757 K.

164 1765 509 1855 ἀραμενοις
550 1795 657 1853 pro
698 1775 984 1854 ἐπαείρας
1010 1774 1085 1854 (1.
1128 1775 1228 1853 87)
1270 1793 1421 1833 nunc
1463 1774 1698 1849 vulgato
1742 1770 2043 1856 (ἐπαήρας
2072 1776 2170 1855 Ρ.)
2222 1773 2456 1862 ἐπᾴρας

167 1858 294 1933 alii,
354 1851 593 1936 ἐπάρας
635 1860 706 1919 S..
787 1858 1096 1920 Praeterea
1134 1877 1244 1935 pro
1302 1856 1538 1932 vulgato
1582 1876 1709 1915 cum
1764 1859 1931 1917 codd.
1975 1862 2041 1917 S·
2084 1860 2152 1922 F.
2196 1879 2253 1921 a.
2308 1855 2456 1924 ἐπᾶ-

168 1964 282 2023 ρας
333 1942 387 2005 1.
437 1946 509 2001 90
553 1943 813 2001 restituit
863 1946 1065 2002 nostro
1111 1939 1458 2013 Schaeferus
1512 1940 1815 2017 ἐπαείρας.
1880 1943 1954 2000 cf.
1998 1942 2243 2018 Etymol.
2292 1944 2453 2024 Mag.

169 2046 230 2103 Po
265 2031 366 2101 38,
411 2031 502 2085 31·
2363 2089 2368 2093 ,

336 2111 538 2179 Quum
591 2108 700 2167 illis
749 2108 921 2184 igitur
969 2109 1028 2170 in
1071 2109 1215 2169 locis
1263 2107 1385 2168 fere
1435 2112 1661 2167 constet
1700 2114 1858 2169 recte
1900 2128 2019 2168 non
2053 2106 2281 2169 auditos
2322 2130 2452 2171 esse

166 2194 458 2271 quosdam
496 2192 675 2254 libros
709 2193 950 2252 formam
1004 2194 1291 2271 quandam
1351 2194 1579 2251 omnino
1642 2211 1761 2252 non
1800 2193 2195 2253 Herodoteam
2238 2194 2455 2254 substi-

166 2284 435 2352 tuentes,
480 2284 641 2351 utar,
678 2278 805 2354 ipsa
843 2277 1181 2336 Herodotea
1219 2277 1444 2337 ratione
1486 2282 1769 2352 cogente,
1802 2277 1967 2336 simili
2008 2278 2237 2337 licentia
2282 2280 2355 2340 iis
2392 2281 2451 2339 in

167 2362 339 2436 locis,
405 2361 505 2421 ubi
550 2380 746 2422 omnes
787 2360 918 2420 libri
976 2362 1034 2424 in
1091 2362 1352 2421 vitiosam
1392 2361 1734 2439 scripturam
1785 2363 2109 2422 consentire
2163 2364 2453 2437 videntur,

168 2453 231 2505 ut
284 2467 399 2526 pro
459 2446 689 2523 vulgato
741 2440 972 2526 ἐπάρας
1009 2444 1083 2504 Π.
1128 2451 1230 2506 162
1292 2439 1551 2530 (ἔπᾷρας
1598 2445 1731 2505 Ald.
1778 2444 1899 2524 alii)
1953 2437 2211 2526 ἀπῆραν·
2243 2446 2341 2506 VI.
2383 2451 2453 2508 99

167 2525 852 2691 {ezkssssffizfffissss
892 2529 1456 2694 ‘ffffssss‘zxssasssz
1496 2527 1923 2686 3..³;‘5.5.⁰3⁹⁶;.
1941 2529 2095 2673 ‘351
2131 2535 2227 2673 ἐξ.
2242 2532 2454 2696 <33:23

169 2699 263 2762 IX.
308 2704 402 2760 59.
470 2692 686 2779 ἐξάρας
724 2698 820 2756 ΙΧ.
862 2702 929 2759 79
994 2704 1055 2756 et
1113 2701 1214 2757 107
1280 2696 1480 2773 reponi
1533 2696 1701 2754 velim
1753 2695 2098 2756 'Herodotea
2147 2695 2453 2776 ἐπαείρας,

171 2777 515 2864 ἀπήειραν,
561 2782 887 2859 ἐπαείρεις,
921 2781 1280 2859 ἐπαείρωσι,
1320 2775 1570 2858 ἤειραν,
1595 2777 1925 2857 ,ἐξαείραςς
1963 2798 2141 2856 porro
2182 2799 2289 2857 pro
2326 2780 2453 2841 vul·

172 2873 304 2944 gato
364 2864 670 2949 ἐπήροντο
717 2865 818 2927 IV.
863 2873 966 2929 130
1020 2865 1378 2946 (ἐπειρῶντο
1432 2864 1495 2922 S.
1538 2863 1608 2922 V.
1651 2861 1840 2940 Valla)
1886 2861 2280 2942 ἐπηείροντος
2340 2882 2452 2941 pro

172 2952 400 3029 vulgato
440 2952 502 3027 ἐξ
530 2944 685 3032 ’ρετο
725 2949 825 3014 VI.
872 2956 975 3011 133
1016 2950 1260 3029 (ἐξῆρτο
1301 2948 1372 3015 Ε.
1413 2946 1845 3027 1).),ἐξηείρετο.
1930 2945 2008 3004 Et
2049 2967 2159 3024 pro
2201 2945 2452 3021 vulgatis

173 3033 466 3117 ἐπαρθείς
503 2975 554 3095 f.
588 3043 677 3096 90.
719 3033 847 3096 VII.
890 3039 977 3097 38.
1021 3035 1120 3094 IX.
1155 3038 1242 3097 49.
1284 3031 1565 3116 ἐπαρθῇς
1609 3031 1655 3094 Ι.
1698 3038 1821 3095 212.
1864 3030 2226 3108 ἐπαρθέντες
2267 3031 2339 3090 V.
2384 3037 2448 3089 El

175 3128 228 3179 et
261 3126 331 3182 91
376 3120 749 3199 (quamquam
788 3120 871 3179 sic
916 3116 1280 3196 ἐπαρθέντες
1322 3117 1433 3176 hoc
1476 3136 1554 3199 ex·
1587 3114 1719 3174 loco
1766 3117 1934 3176 etiam
1956 3114 2107 3175 Plut.
2154 3117 2228 3175 de
2256 3115 2452 3189 Malig.

177 3223 224 3262 c.
243 3210 313 3265 23
353 3204 616 3283 repetiit)
663 3203 762 3266 VI.
787 3209 908 3263 132.
952 3201 1080 3267 VII.
1104 3207 1162 3278 9,
1203 3207 1259 3262 3.
1305 3206 1373 3264 18
1417 3201 1643 3261 restitui
1687 3200 1849 3258 velim
1872 3199 2212 3278 ἐπαερθείς,
2244 3198 2452 3277 ἐπαερ-

177 3292 294 3372 θῇς
328 3295 390 3349 et
429 3286 826 3369 ἐπαερθέντες
870 3286 1127 3363 ubique.¹
1188 3286 1311 3360 Sic,
1356 3291 1420 3343 ut
1461 3285 1604 3345 alios
1647 3285 2117 3363 praetermittam,
2160 3282 2452 3344 Lucienus

178 3373 231 3430 d.
263 3375 320 3437 d.
361 3375 496 3451 Syr.
537 3391 590 3430 c.
627 3377 697 3433 36
753 3364 1026 3451 ἀείρονσι
1059 3370 1222 3444 dixit,
1265 3388 1314 3432 c.
1357 3372 1426 3430 37
1463 3361 1786 3448 ἀείροντες.
1845 3374 1914 3429 52
1937 3361 2283 3444 ἀείραντες.
2364 3365 2452 3421 De

179 3453 382 3524 Astrol.
429 3477 479 3522 c.
526 3464 593 3516 15
636 3446 906 3534 ἄερθεις.
953 3488 1031 3498 -
1097 3453 1270 3513 Hom.
1315 3452 1384 3515 11.
1425 3446 1500 3514 π’
1542 3457 1667 3512 341.
1729 3450 1845 3512 Od.
1885 3444 2109 3525 22540.
2188 3448 2448 3526 Euripffl„

178 3537 347 3607 Andr.
383 3547 513 3605 848.
547 3535 842 3620 ,ηέρμένος
879 3537 1072 3617 Apoll„
1123 3536 1315 3597 Rhod.
1351 3536 1424 3595 Π.
1470 3538 1593 3596 171.
1634 3535 1830 3603 Quare
1872 3535 1933 3592 in
1974 3532 2261 3591 Herodot.
2301 3532 2448 3589 libro

177 3620 222 3682 I.
253 3645 300 3689 c.
323 3629 426 3686 186
469 3625 765 3701 vulgatum
803 3618 1202 3702 ἀπαιρέεσκον
1243 3627 1344 3680 aut
1376 3618 1806 3696 relinquendum
1840 3617 2020 3680 fuisse
2056 3634 2287 3690 censeo,
2331 3625 2448 3685 uait,

181 3708 226 3764 τί
264 3709 321 3766 id
354 3710 730 3788 displicuerit,
770 3728 889 3768 non
917 3701 1293 3786 ,ἀπαίρεσκον
1332 3725 1365 3762 e
1388 3704 1558 3766 codd.
1584 3703 1667 3764 M.
1688 3700 1766 3761 K.
1789 3701 1859 3759 F.
1881 3720 1935 3759 a.
1962 3720 2012 3759 c.
2042 3699 2448 3778 recipiendum,

185 3793 278 3850 sed
311 3792 720 3874 α’παείρεσιιον
762 3792 1170 3871 reponendum.
2135 3802 2154 3818 ·

337 3877 569 3938 Contra.
620 3879 790 3939 etiam
835 3875 1255 3937 contractiones
1308 3873 1584 3949 quasdam
1626 3870 1836 3948 partim
1890 3875 2091 3930 nostro
2132 3869 2448 3948 peculiares

182 3961 373 4033 partim
412 3982 541 4020 cum
582 3961 805 4039 vulgari
850 3960 1211 4019 Graecorum
1264 3976 1373 4015 usu
1429 3960 1808 4032 congruentes
1856 3975 1974 4014 non
2018 3954 2229 4013 alienas
2273 3953 2448 4010 fuisae

184 4041 246 4100 ab
284 4045 622 4106 Herodotea
663 4045 922 4105 oratione
943 4083 983 4119 ,-
1009 4063 1158 4105 nunc
1198 4042 1391 4100 statim
1439 4040 1937 4101 commemoranda
1985 4035 2239 4114 exempla
2276 4038 2448 4094 doee-

184 4121 332 4206 bunt,
371 4135 431 4188 et
467 4129 620 4191 infru
658 4129 961 4206 aliquoties
1007 4127 1334 4206 niden-imus.
1361 4158 1450 4169 —
1492 4125 1591 4182 Sic
1627 4124 1775 4184 dixit
1814 4130 2017 4183 noster
2062 4123 2219 4192 Χῖος
2266 4119 2317 4179 I.
2364 4126 2444 4182 15.

185 4211 288 4271 160.
346 4212 446 4274 VI.
488 4215 578 4274 27.
645 4213 797 4277 VIII.
841 4218 947 4275 132
991 4210 1246 4274 etalibi.
1270 4243 1358 4256 --
1401 4208 1618 4292 ἴρηκα,
1661 4199 2199 4358 ἵρηκας,1ίρήκων
2239 4203 2317 4268 11.
2360 4210 2448 4266 55.
