2942 4900
421 202 466 262 De
490 202 791 270 dialectoHcrodotea
812 175 867 266 lib.¹
886 208 922 294 ¹·.
1201 208 1239 272 il

97 369 174 428 lecta
200 368 358 445 collataque
381 372 559 443 contineant,
584 392 642 432 rem
664 374 754 452 plane.
773 374 936 450 conficiunt,
960 396 1046 453 quum
1067 379 1127 453 ejus
1149 382 1238 457 scrip-

97 461 183 514 turae
205 449 223 511 e
242 451 318 511 libris
340 455 399 530 jana
421 455 580 538 depravatis
600 459 764 535 desumptae
785 478 847 518 esse
862 462 981 535 possint,
1002 480 1085 536 qrraru
1105 465 1237 540 suspicio·

98 558 166 596 nem
190 558 276 613 quum
301 540 436 599 aliatum
460 560 492 598 ea
517 541 684 601 confirmare
704 545 851 615 videntur,
887 563 960 621 quae
996 547 1025 604 in
1044 547 1238 615 ,adnotatione

97 624 138 680 ad
161 642 204 680 ve.
226 627 280 682 854
307 622 451 699 leguntur:
472 620 633 706 Ἧρύιλοιύς
662 625 736 704 (vlt.
769 632 816 704 91)
844 649 958 706 φησιν,
986 624 1032 689 dn
1061 627 1239 709 Παμφύλιοί
1292 632 1295 638 ’

99 707 161 770 εἰσι
183 709 245 768 τοῖν
266 705 300 767 ἐκ
332 709 440 787 Τροίας
468 702 758 772 ύιιοσιιειλασθέντων
780 708 852 789 perci
876 706 1052 791 Ἀμφιλόχου
1077 714 1128 775 uui
1154 710 1238 778 Koil-

97 814 217 871 χανιος.
260 789 414 868 Nunquam
437 813 502 852 vero
525 795 687 854 Herodotus
708 796 771 852 illos
787 798 988 873 Παμφυλίους
1010 798 1090 872 dixit,
1110 800 1163 857 sed
1177 802 1239 859 ubi·

97 894 157 951 que
181 872 386 953 Παμφύλους,
408 884 439 937 ut
459 877 479 937 1.
502 884 545 937 28.
574 879 619 935 tu.
642 884 683 937 90.
716 880 758 937 V.
779 884 822 939 68.
849 880 908 945 vu.
936 887 969 941 91
991 881 1048 954 δῖος
1068 901 1238 959 quamquam

97 961 187 1019 etiarn
207 959 235 1017 in
256 961 484 1040 interpretatione
505 961 621 1039 Dionys.
647 963 754 1040 Pericg.
776 984 794 1021 a
815 964 953 1024 Prisciann
985 968 1060 1024 facta
1085 965 1144 1025 libn'
1166 968 1239 1027 inter

97 1064 132 1103 se
153 1043 303 1119 dissident,
328 1045 443 1103 namin
465 1046 555 1104 verbis
578 1048 628 1105 illis
653 1048 692 1105 sic
714 1057 790 1120 reete
815 1048 947 1125 vulgatis:
971 1048 1071 1126 Usque
1095 1053 1133 1109 ad
1154 1050 1237 1110 Pam·

96 1126 203 1207 phylos
225 1160 267 1171 -
279 1129 416 1209 praebent
441 1129 499 1188 dno
525 1130 586 1190 libri
606 1130 639 1189 Α.
655 1132 688 1192 C.
712 1132 898 1211 Pamphylio&

188 1245 249 1304 Sed
268 1239 405 1304 Gronorii
424 1248 580 1307 sententiae
601 1250 637 1307 ad
659 1249 766 1308 Herod.
789 1250 822 1308 ΙΙ.
842 1255 892 1312 104
913 1249 1084 1328 propositae,
1104 1251 1237 1330 Συρίους

98 1349 164 1389 cnm
192 1329 276 1390 Tibi
293 1337 404 1389 tantum
425 1332 587 1391 scribendos
613 1353 684 1406 esse,
707 1334 753 1392 nbi
775 1336 812 1394 de
832 1334 872 1408 iis,
895 1334 944 1410 qni
965 1353 983 1392 a
1005 1333 1096 1393 Persis
1123 1333 1235 1413 Cappa-

99 1417 190 1473 doces
211 1415 347 1473 nominati
366 1416 428 1489 sint,
455 1424 567 1493 agatur,
584 1418 672 1494 magis
697 1421 819 1491 accedo,
836 1420 866 1478 id
891 1437 975 1478 unum
998 1419 1123 1491 addens,
1152 1421 1235 1478 etiarn

98 1518 162 1573 eos,
185 1499 266 1574 qnia
284 1499 408 1558 barbaris
428 1493 592 1583 Ἀσσύριοι,
613 1503 757 1561 aGraecis
778 1499 889 1585 Σύριοι
909 1503 1093 1576 vocabantur,
1111 1503 1236 1562 sicrecte

98 1603 165 1643 cnm
183 1582 210 1639 ῖ
231 1583 315 1642 scribi
335 1585 386 1660 (cf.
411 1584 492 1644 Eust.
514 1588 551 1644 ed
579 1586 614 1645 Ι).
641 1586 672 1645 Ρ.
700 1588 778 1665 774),
802 1590 965 1668 praesertim
989 1605 1077 1664 quum
1105 1606 1163 1647 uno
1187 1581 1235 1646 illo

94 1669 127 1727 is
143 1668 210 1726 λοσο
232 1667 307 1745 (vlt
339 1668 397 1744 63),
428 1687 486 1745 quo
514 1671 552 1730 illi
582 1673 619 1730 ab
646 1672 795 1732 Herodoto
818 1680 1022 1744 memorantur,
1050 1691 1145 1730 omnes
1174 1671 1236 1731 libri

97 1754 184 1812 istam
204 1753 234 1811 in
263 1753 428 1832 scripturam
457 1757 634 1834 conspirent,
663 1776 755 1833 neque
784 1757 896 1816 aliunde
922 1756 988 1814 mihi
1016 1757 1171 1831 quidquam
1200 1757 1236 1814 sit

95 1843 211 1909 nomm,
234 1839 313 1913 qnod
333 1839 395 1897 huic
415 1839 568 1918 scripturae
589 1842 762 1901 adversetur.
806 1839 848 1898 dc
868 1841 961 1899 nescio
978 1857 1015 1898 an
1034 1842 1117 1899 οιὶοιιι
1138 1839 1168 1911 ii,
1187 1841 1236 1915 qni

95 1920 222 1980 Arabiae
238 1942 314 1979 oram
335 1924 499 1983 maritimam
521 1924 689 2000 incolebant,
709 1926 746 1983 ab
760 1924 910 1983 Herodoto
927 1920 1037 2003 Σύριοι
1054 1925 1146 1982 vocati
1161 1924 1235 1995 sint,

95 2024 169 2065 narn
192 2005 228 2063 ΙΙ.
249 2013 280 2067 12
300 2007 430 2066 omnibus
450 2010 478 2066 in
506 2009 582 2069 libris
602 2016 698 2069 exstat
708 2010 780 2068 haec
794 2010 943 2087 scriptura:
960 2011 1015 2084 τῆς
1027 2003 1084 2086 γολρ
1092 2000 1236 2083 Ἀραβίης

97 2085 140 2151 vni
160 2086 244 2169 ιιαριλ
269 2087 429 2154 θύλασσαν
452 2090 564 2173 Σύριοι
587 2092 745 2173 νέμονται,
771 2095 857 2153 etiam
881 2092 1023 2151 Eustatbii
1052 2091 1112 2165 (ad
1139 2089 1174 2148 D.
1203 2089 1234 2149 P.
1318 2143 1330 2156 ,

97 2176 169 2251 lii)
190 2175 347 2235 testimonio
378 2178 556 2237 confirmata:
584 2177 662 2259 λέγει
683 2172 867 2259 (Ἡρόδοτος)
900 2174 934 2239 δὲ
956 2174 1008 2237 uni
1034 2168 1171 2254 Ἀράβων
1193 2170 1234 2234 cd

98 2258 172 2339 περὶ
196 2262 357 2322 θάλασσαν
371 2265 504 2343 Συρίους
521 2262 676 2341 νέμεσθαι,
698 2280 868 2339 qrmmquam
889 2268 918 2321 et
938 2260 973 2318 Π.
995 2265 1031 2319 30
1046 2255 1122 2333 πούς
1144 2253 1234 2337 Ἀρα-

98 2346 177 2424 βίων
202 2344 256 2406 καλ
281 2338 393 2424 Σύρων
413 2349 585 2425 nune-enlg.
608 2369 670 2408 cum
691 2368 716 2407 a.
739 2349 765 2406 b.
788 2348 816 2405 d.
838 2347 869 2404 S.
896 2343 977 2417 Vall,
998 2343 1046 2402 ubi
1065 2337 1235 2421 Ἀσσυρίιον

98 2428 132 2490 F.
160 2449 184 2507 q.
207 2436 236 2490 et
260 2431 326 2493 edd.
344 2436 423 2511 vett,
444 2438 475 2491 et
496 2432 543 2507 Ill,
566 2440 583 2494 5
612 2425 698 2507 αύιις
726 2433 849 2505 Συρίων
875 2431 937 2501 (sic
958 2427 991 2487 F.
1020 2428 1051 2488 S.
1079 2426 1130 2504 V.)
1149 2425 1246 2509 μέχρι’
1331 2458 1333 2463 ·

99 2516 293 2595 Σερβωνίδος
315 2518 439 2593 λίμνης,
467 2538 520 2598 pro
551 2521 673 2598 Συρίων
697 2537 777 2574 nunc
809 2515 895 2590 vrrlgo
927 2509 1041 2591 Σύρων
1070 2514 1170 2570 editur.
1189 2546 1232 2558 --

97 2600 160 2659 Sed
177 2600 207 2658 id
230 2608 351 2674 constat,
371 2621 472 2661 nomen
499 2605 633 2681 Syrorum
654 2603 682 2659 in
707 2600 864 2658 Palaestina
884 2605 915 2657 et
939 2598 1021 2673 Syria
1047 2596 1232 2656 habitantium

96 2703 210 2764 semper
231 2686 308 2765 apud
333 2685 512 2745 Herodotum
527 2688 585 2745 siue
605 2687 630 2745 ἶ
653 2702 715 2742 csse
738 2682 915 2741 scribendum
935 2677 1033 2758 Σύροι
1054 2682 1106 2755 (ef.
1129 2682 1231 2739 Bernh.

96 2770 135 2828 ad
159 2769 196 2828 D.
218 2768 250 2827 P.
269 2791 297 2849 p.
323 2773 401 2846 773),
427 2771 465 2829 sic
492 2771 525 2830 lt.
559 2774 610 2829 104
633 2763 731 2848 Σύροι
763 2767 795 2827 oi
823 2765 853 2825 ἐν
882 2767 921 2847 τῇ
947 2765 1133 2845 Παλαιστίνῃ
1158 2784 1232 2821 nune

96 2854 175 2930 vulg.
199 2873 262 2912 cmn
285 2853 326 2912 M.
345 2855 376 2912 P.
397 2848 430 2914 F.
453 2857 479 2914 b.
505 2874 540 2926 a,
561 2872 594 2912 ae
614 2851 699 2933 plane
719 2850 899 2926 rejiciendum
913 2854 971 2919 est,
1002 2848 1080 2922 quod
1096 2848 1233 2925 praebent

96 2938 165 2997 Ald.
186 2938 222 2997 al.
244 2960 308 2998 cum
332 2941 363 2997 S.
384 2937 421 2997 K
446 2958 471 2998 a.
494 2940 521 2996 d
543 2932 663 3017 Σύριοι.
696 2936 745 2994 ΙΙΙ.
774 2940 808 2994 91
835 2934 868 2995 ἐν
896 2927 1015 3011 ούροισι
1040 2936 1122 2993 τοῖσι
1147 2931 1231 2991 Κιλί-

96 3047 164 3086 ιιων
186 3045 217 3084 τε
238 3023 291 3084 παλ
313 3019 432 3097 Σύρων.
474 3021 538 3082 Nec
558 3022 615 3081 ullo
642 3020 729 3081 modo
756 3021 900 3079 terendum
917 3025 960 3077 est
977 3017 1122 3093 vulgatum
1140 3016 1232 3095 Συρί-

97 3127 160 3171 οισι
185 3107 246 3168 VH.
267 3112 304 3167 89
327 3103 399 3185 (σύν
428 3108 567 3181 Συρίοισι
592 3112 669 3168 τοῖσι
698 3104 731 3167 ἒν
752 3109 792 3188 τῇ
810 3103 1024 3186 Παλαιστίνῃ),
1058 3102 1109 3160 sed
1135 3100 1232 3179 procul

98 3195 187 3253 dubio
210 3192 237 3251 in
259 3184 387 3271 Σύροισι
404 3193 578 3250 mutandum.
622 3190 655 3251 11.
677 3195 726 3249 159
748 3190 800 3252 καί
821 3183 952 3269 Σύροισι
980 3182 1233 3266 σνμβαλιίνιοολο

72 3276 217 3353 'vulgat.,
237 3277 288 3345 sed
305 3276 445 3356 Συρίοισι
465 3277 495 3334 S.
518 3276 553 3334 V.
592 3274 637 3335 ill.
660 3271 720 3354 dii
748 3275 809 3337 ἐστι
833 3267 945 3351 Σύρων
973 3277 1035 3337 τοῖν
1069 3275 1233 3332 Παλαιστι-

96 3368 163 3424 νοῑν
183 3359 373 3438 καλεομένων
394 3366 471 3420 recte
492 3361 665 3439 nnuc-vulg.
689 3378 753 3419 cum
770 3359 808 3421 Μ.
833 3359 865 3417 Ρ.
891 3356 937 3449 K!
957 3356 1005 3435 F,
1034 3355 1081 3414 ubi
1107 3353 1173 3412 Ald.
1195 3354 1231 3421 al.

96 3468 161 3508 cnm
182 3447 214 3504 S.
233 3445 307 3504 male
328 3446 458 3527 Συρίων.
535 3486 538 3491 »

182 3548 230 3608 Διί
253 3547 419 3626 compendia
431 3565 592 3622 eorumque
615 3545 688 3605 inter
704 3565 734 3603 se
748 3541 978 3622 permutationes
988 3543 1032 3597 est
1045 3535 1230 3606 referendum,

97 3654 184 3712 quum
207 3632 313 3692 numeri
335 3631 489 3690 cardinales
503 3636 533 3688 'et
558 3631 696 3689 ordinales
718 3629 819 3703 aliique
836 3627 1051 3698 commutantur,
1072 3626 1102 3679 et
1124 3619 1233 3679 litterae

96 3737 229 3778 numeros
249 3717 450 3794 significantes,
471 3735 527 3792 qua
549 3716 586 3773 de
602 3733 634 3773 re
652 3716 718 3772 vide
739 3715 817 3771 Bast.
838 3710 856 3768 Ι.
888 3708 906 3767 l.
934 3729 963 3788 p.
991 3709 1169 3776 Sao—8543
1202 3709 1232 3761 et

96 3805 205 3862 Herod.
228 3801 249 3859 Ι.
275 3809 312 3860 50
331 3805 432 3877 τρίτον
452 3794 670 3875 ἡμιιύλαυτου,
693 3799 740 3856 nbi
763 3797 829 3854 olim
855 3794 923 3874 τρία
945 3785 1134 3873 ἡμιτάλαντα
1160 3787 1233 3846 male

96 3895 157 3948 aet
176 3886 296 3963 vulgatu
314 3887 350 3945 ct.
372 3885 510 3965 iuterppr.
535 3885 573 3943 ad
594 3885 622 3942 h.
637 3883 656 3942 l.
677 3889 707 3941 et
728 3882 767 3940 ad
788 3881 809 3939 1.
831 3885 874 3939 51.

182 4007 277 4082 Saepe
299 4024 368 4069 uero
393 4004 490 4062 iisdem
508 4002 581 4062 notis
603 4001 833 4080 compendiisqne
858 3995 1049 4080 scribebantur
1077 4010 1127 4051 eae
1158 3988 1232 4086 litte-

10 4108 12 4115 ’
94 4110 143 4151 rae
159 4111 194 4151 nc
217 4089 353 4167 syllabae,
376 4107 449 4165 qnae
469 4090 569 4146 eodem
588 4106 659 4144 sono
682 4085 880 4164 pronuntiatae
899 4092 977 4154 sunt,
998 4077 1149 4149 crebraque
1165 4073 1233 4130 ande

98 4196 190 4235 earurn
216 4174 395 4254 permutatio.
440 4172 523 4239 Quae
548 4191 592 4231 res
613 4191 665 4231 nos
692 4171 729 4229 ad
757 4171 823 4228 vitia
850 4185 883 4226 ex
911 4166 983 4224 mala
1011 4160 1133 4255 quadam
1164 4175 1231 4236 pro-

97 4260 274 4322 nuntiatione
296 4257 423 4338 proteeta
445 4257 531 4330 ducit,
558 4256 690 4335 imprimis
712 4257 750 4313 ad
770 4276 813 4329 ea,
836 4271 910 4329 quae
932 4268 965 4308 ex
982 4249 1135 4305 recentiore
1148 4260 1234 4301 rona·
