2942 4900
425 160 472 222 ne
493 160 614 221 dialecto
637 162 802 226 Herorlotea
823 163 871 222 lib.
895 165 918 226 l.
980 165 981 172 ’
1197 162 1238 226 87

96 345 165 385 rum
186 326 326 403 quidem,
353 326 402 404 qui
431 328 486 386 soli
513 328 586 405 ipsis
606 327 644 386 ah
670 329 833 388 eduoribm
857 329 1092 391 Her-edotisuut
1111 333 1244 414 inspecti,

94 412 126 470 F
148 418 180 470 et
201 413 248 485 8.,
269 429 357 490 quum
377 411 494 490 saepius
517 418 656 478 taceatur,
680 415 749 490 quid
771 414 799 472 in
813 414 867 473 'his
889 416 1028 491 scriptum
1050 422 1151 493 exstet,
1175 421 1244 494 quid

92 515 156 555 nou
175 493 323 573 exstet*),
343 496 435 555 nostri
457 496 544 571 igitur
557 496 717 555 Herodotei
740 498 854 558 codices
876 499 917 556 ita
937 501 1095 575 comparati
1115 510 1194 577 snut,
1214 509 1245 561 ut

93 580 145 639 ubi
169 600 249 639 uuus
274 587 325 641 aut
350 580 423 638 alter
443 580 639 639 Herodoteam
666 583 809 658 quandam
833 583 950 640 formam
971 584 1107 660 penebat,
1136 586 1175 643 ibi
1197 586 1243 643 alii

94 662 229 724 Atticam
250 672 299 724 aut
318 664 401 724 aliam
421 661 575 740 quamlibet
596 663 648 724 sed
664 684 721 724 nou
741 666 937 724 Herodoteam
959 666 1120 746 exhibeant,
1143 676 1173 728 et
1195 671 1243 729 uhi

93 750 134 822 ii,
161 750 215 826 qui
244 751 333 809 modo
355 749 451 826 aliquo
480 750 510 808 in
536 749 609 808 loeo·
623 751 775 826 geuuiuaiu
798 750 941 814 habehant
969 752 1156 830 scripturam,
1184 772 1242 812 uon

94 833 300 894 Herodoteam
320 834 481 912 praebent,
499 833 538 891 ibi
560 834 598 909 ii,
622 836 777 910 quintode
800 834 887 893 salsas
909 835 1066 912 scripturas
1086 837 1243 914 habebant,

95 923 196 976 rectas
212 919 381 997 praebeant.
424 917 477 975 cui
496 918 654 993 variationi,
676 938 763 994 quum
778 919 892 978 minime
906 918 989 977 nohis
1004 926 1131 980 statuere
1147 922 1242 997 liceat,

95 1002 285 1064 Herodotum
304 1003 379 1061 idem
401 1001 567 1061 vocabulum
589 1002 849 1078 vocabulorumque
864 1023 955 1079 genus
974 1006 1061 1062 modo
1079 1005 1133 1064 hac
1154 1007 1242 1066 modo

95 1086 143 1144 illa
168 1087 266 1146 forma
288 1105 460 1165 usurpasse,
481 1093 510 1144 et
532 1106 618 1164 quum
640 1105 739 1165 parrum
761 1089 896 1166 praesidii
917 1088 986 1144 insit
1006 1089 1125 1164 singulis
1147 1091 1176 1147 in
1195 1089 1241 1147 lo·

96 1173 155 1246 cis,
188 1172 233 1228 sic
264 1172 469 1231 occurrendum
495 1190 561 1229 esse
584 1169 711 1244 videtur,
739 1178 770 1229 ut
795 1172 923 1231 collectis
948 1172 1032 1229 unius
1053 1174 1239 1251 ejusdemque

96 1254 232 1314 vocabuli
249 1255 509 1332 vocabulornmque
532 1256 647 1329 generis
668 1255 805 1333 exemplis
829 1255 971 1332 omnibus,
990 1258 1102 1315 ratione
1124 1276 1241 1334 quoque

95 1341 122 1398 in
144 1340 215 1400 loco
238 1338 367 1398 codicum
384 1340 526 1416 scriptura
543 1339 657 1415 habita,
679 1351 816 1398 alimmum
839 1340 980 1416 quandam
1002 1340 1047 1398 rel
1069 1342 1240 1419 depravata·

98 1444 159 1482 rum
181 1421 231 1482 vel
250 1430 392 1483 rectarum
413 1421 568 1482 formarum
589 1424 780 1482 subducamus
798 1429 884 1500 atque
907 1425 1098 1498 conferamus,
1116 1426 1240 1501 indeque

6 1515 7 1534 ¹
98 1510 217 1567 codices
240 1507 323 1586 ipsos
343 1508 465 1565 interae
486 1508 676 1570 conciliemus.
720 1507 883 1567 Restabant
896 1513 990 1566 tamen
1007 1509 1148 1567 interdum
1164 1526 1240 1567 non·

95 1592 165 1651 nulli
194 1593 271 1667 loci,
300 1592 347 1650 uhi
377 1592 493 1651 codices
516 1611 614 1651 omnes
638 1612 748 1650 summo
771 1610 913 1649 consensu
940 1591 979 1667 (si
1001 1594 1075 1650 enim
1097 1592 1238 1651 silentium
1280 1645 1282 1648 .

95 1696 214 1752 eorum,
241 1676 290 1753 qui
311 1677 440 1744 chicum
462 1677 700 1735 conferendorum
721 1695 822 1734 munus
843 1677 873 1733 in
898 1695 930 1733 se
951 1682 1154 1753 susceperuut,
1182 1695 1237 1753 pro

97 1780 245 1819 consensu
270 1767 315 1819 est
345 1758 521 1839 habendum)
550 1766 648 1820 contra
677 1761 876 1819 Herodoteum
897 1778 979 1817 usum
1001 1761 1144 1827 nituntur;
1174 1763 1237 1835 sed,
1293 1781 1297 1790 ·

97 1865 198 1922 quum,
220 1852 253 1904 ut
275 1846 415 1923 pessimos
437 1858 640 1921 nunnunquam
657 1864 719 1924 curu
742 1843 997 1921 praestantissimis
1014 1845 1179 1921 conspirare
1193 1846 1237 1900 vi·
1263 1865 1272 1870 ¹

96 1930 193 1988 dimus
215 1936 244 1987 et
256 1930 382 2008 optimos
399 1928 471 1987 falsa
486 1928 657 2001 exhibuisse,
679 1919 725 1986 sic'
742 1929 829 1986 etiam
847 1927 908 1985 heri
925 1927 1064 2004 potuerit,
1084 1932 1116 1984 ut
1137 1946 1237 1984 omnes

95 2016 273 2093 superstites
299 2013 470 2091 quibusdam
499 2014 528 2069 in
557 2013 628 2071 locis
653 2014 728 2070 malo
754 2013 790 2070 de
813 2010 965 2087 exemplari
993 2009 1237 2085 describerentur,

95 2098 232 2175 maleque
252 2099 396 2177 descripta
418 2103 614 2172 servarentur,
636 2097 706 2156 nihil
727 2115 781 2154 nos
802 2095 942 2174 impedire
963 2095 1066 2167 video,
1085 2094 1237 2170 quominus
1261 2101 1263 2106 ’

96 2184 158 2242 istis
185 2185 217 2242 in
238 2182 327 2259 locis,
354 2183 507 2241 dummodo
530 2181 667 2259 pleraque
688 2179 818 2259 exempla
839 2178 956 2256 regulae
975 2197 1008 2237 ac
1027 2195 1146 2237 normae
1170 2196 1236 2236 sese

98 2268 392 2342 accommodaverint,
421 2286 541 2346 prorsus
569 2268 697 2327 codicum
717 2265 791 2328 Mss,
821 2264 1019 2323 auctoritatem
1045 2261 1236 2340 negligamus,

166 2450 198 2517 ¹¹¹)
217 2450 287 2503 Vide
303 2449 487 2503 Praelationes
504 2447 664 2518 wesseling.
685 2454 712 2501 et
729 2444 882 2515 Schweigh.
908 2475 943 2484 —
969 2444 1083 2510 struve,
1101 2443 1181 2511 Spec.
1197 2442 1233 2511 Π,

100 2537 127 2590 p.
146 2520 196 2584 153
215 2519 266 2583 ΙΙΙ,
284 2538 312 2588 ρ.
330 2518 424 2576 tete.
441 2548 477 2556 —
495 2521 554 2583 Qua
574 2519 600 2570 in
618 2518 758 2570 occasione
774 2518 865 2567 facere
882 2531 934 2566 non
952 2530 1067 2581 possum,
1086 2514 1150 2580 quin
1167 2529 1234 2580 quc-

100 2606 142 2641 rar
158 2590 191 2640 de
210 2587 391 2641 illiberalitate
409 2588 521 2656 quadam
540 2599 568 2640 et
585 2586 779 2651 occultatione,
799 2586 826 2635 in
844 2600 897 2651 qna
915 2582 1064 2634 absconditi
1082 2581 1235 2649 plerunque

100 2657 245 2710 retinentur
262 2658 368 2709 codices
385 2657 560 2725 manuscripti
582 2655 616 2707 iis
638 2655 666 2706 in
684 2653 763 2718 loeis,
789 2653 834 2704 ubi
858 2650 937 2703 semel
963 2659 1025 2702 suut
1043 2650 1135 2719 positi.
1172 2650 1234 2702 Mes

100 2726 204 2795 quidem
228 2745 261 2778 ex
283 2725 414 2781 sententia
436 2742 526 2779 omnes
550 2730 682 2804 quotquqt
704 2725 847 2790 supersum
868 2717 987 2784 cujusvis
1009 2717 1102 2784 scripti
1128 2717 1233 2769 codices

100 2794 270 2864 manuscripti
289 2794 409 2848 omuibus
427 2811 485 2851 cum
504 2793 578 2846 vitiis
597 2793 771 2857 omnibusque
788 2805 846 2840 cum
864 2787 956 2855 siguis,
978 2785 1089 2849 lineolis,
1107 2785 1232 2837 ductibus

100 2862 295 2918 accuratissime
313 2862 569 2933 diligentissimeque
585 2859 660 2930 typis
678 2855 846 2910 describendi
857 2862 927 2922 suut,
946 2860 1082 2906 uteorum
1101 2852 1232 2921 exempla·
1284 2874 1289 2879 ·

100 2933 136 2989 ria
150 2950 242 2989 omues
259 2932 287 2984 iu
304 2944 392 2986 terras
408 2948 550 3000 omnesque
560 2930 588 2982 ia
605 2927 780 2982 bibliothecas
796 2925 962 2992 amniumque
979 2923 1006 2974 in
1025 2938 1116 2974 manus
1132 2921 1233 2975 dimitti

101 3002 210 3072 possint.
248 3003 439 3055 obmutescent
454 3011 509 3054 turn
526 2997 668 3068 querelae,
691 2997 807 3051 innume
830 3010 900 3046 nunc
921 2992 1026 3060 quidem
1042 2989 1172 3044 interdurn
1190 2990 1232 3044 iu·

100 3088 174 3193 ii⁰⁸'
205 3070 241 3193 ‘31⁰
260 3072 385 3154 '‘mi’'
412 3058 1232 3198 tiit*ttt‘tttdttttl¹⁸ttt¹’attilott:

102 3156 468 3279 etmteniporib„raibiurcriobribl
486 3156 596 3274 dicuni,
626 3155 656 3256 bt
684 3202 762 3254 iidem
789 3151 894 3253 bbdiee’s
918 3199 1002 3262 Mes,
1026 3145 1110 3250 doribc
1127 3148 1231 3251 eborn-

102 3279 226 3331 nunitate
244 3278 369 3346 disjuncti
388 3276 566 3340 occultentur,
591 3290 639 3326 sua
657 3281 752 3341 sponte
772 3278 863 3339 pateat
878 3271 954 3336 tore,
975 3276 1005 3321 ut
1019 3284 1124 3336 semper
1140 3269 1231 3320 eodem

102 3347 172 3400 nodo
190 3347 354 3413 conterendi,
374 3345 489 3399 novandi
501 3353 528 3396 et
541 3341 656 3395 iterandi
667 3340 731 3397 sint.
768 3341 837 3393 'l'um
854 3339 935 3393 etiam
951 3337 1063 3390 celerius
1080 3353 1113 3388 ac
1127 3335 1231 3388 felicius

101 3417 217 3469 omuibus
236 3417 263 3468 iu
283 3415 404 3484 partibus
416 3411 593 3480 antiquitatis
615 3410 763 3463 studiorum
782 3426 829 3463 nos
847 3407 1035 3474 procedemus,
1061 3404 1162 3471 quippe
1183 3405 1233 3471 qui

138 3503 185 3537 nes
204 3501 253 3537 nos
271 3483 358 3537 edocti
376 3482 636 3553 primarios'foutes,
654 3479 766 3530 omnium
786 3486 838 3529 tum
856 3477 882 3526 in
901 3471 1124 3553 disputationibus
1141 3473 1230 3538 quoti-

115 3570 139 3606 re
157 3554 294 3622 agitatos3
312 3570 344 3605 ac
355 3552 511 3622 sperandum
529 3554 587 3613 est,
605 3548 664 3599 fore
682 3554 753 3616 tum,
770 3551 812 3607 ut,
830 3541 1006 3597 fundamentis
1024 3539 1127 3590 firmius
1139 3539 1229 3606 jactis,

101 3623 224 3675 altissima
249 3639 369 3691 quaeque
392 3621 457 3673 haec
482 3626 573 3672 nostra
593 3616 681 3669 studia
700 3621 844 3685 appetant,
868 3611 1044 3677 majoremque
1066 3606 1094 3660 in
1117 3606 1228 3675 gloriam

100 3692 272 3760 laudemque,
297 3707 367 3742 nunc
386 3689 491 3759 quidem
517 3688 545 3739 iu
568 3686 624 3738 dies
648 3685 731 3752 magis
749 3685 784 3735 iis
800 3680 928 3734 immerito
949 3685 1086 3745 negatam,
1110 3677 1230 3733 veniant.

98 3763 175 3830 Atqui
194 3759 386 3828 inscriptiones
403 3765 522 3812 veterum
540 3772 627 3808 noune
643 3757 713 3807 sicut
730 3755 857 3805 iuventae
870 3757 932 3802 suut
940 3747 1016 3816 typis
1042 3744 1230 3799 describendas

4 3844 5 3883 3
99 3834 224 3884 curarunt
238 3846 273 3881 ac
291 3829 407 3881 comt?
442 3829 540 3880 Nonne
556 3824 604 3878 alii
620 3822 728 3892 quidam
747 3819 852 3873 codices
864 3818 931 3872 lllss.
952 3814 1039 3884 paullo
1058 3824 1120 3883 pest
1137 3815 1229 3867 inven-

98 3907 145 3955 tam
162 3898 385 3969 typographicam
409 3904 509 3965 artem,
532 3896 569 3948 sic
592 3899 623 3945 ut
641 3898 731 3956 erant,
756 3887 885 3956 exscripti
908 3891 970 3938 sunl
993 3883 1082 3952 typis,
1106 3890 1134 3934 ut
1158 3883 1230 3935 nulla

96 3970 165 4036 justa
184 3985 303 4047 veraque
320 3982 399 4020 causa
416 3966 479 4018 mihi
497 3963 602 4035 quidem
620 3962 729 4013 subesse
748 3959 879 4021 rideatur,
898 3972 945 4008 cnr
962 3954 1040 4006 etiam
1058 3951 1117 4004 eliis
1130 3951 1230 4004 codici·

97 4039 142 4091 hus
160 4039 262 4106 majore
279 4052 337 4089 cnm
356 4036 514 4098 detrimento
537 4032 564 4084 id
591 4029 747 4083 beneficium
774 4031 935 4094 denegetur,
967 4021 1123 4092 puraesertim
1149 4035 1227 4087 quum

4 4128 5 4135 ¹
97 4111 171 4162 etiam
190 4107 237 4161 alii
255 4106 297 4159 his
315 4106 342 4158 iu
360 4104 454 4156 studiis
472 4118 587 4157 summae
604 4097 772 4151 auctoritatis
789 4096 841 4147 viri
860 4095 955 4147 nostrie
973 4089 1133 4157 temporibus
1152 4088 1177 4138 iu
1197 4090 1227 4140 li·

4 4194 5 4215 *
96 4179 149 4232 bris
169 4184 290 4233 veterum
316 4193 333 4228 e
352 4173 490 4226 codicibus
509 4172 575 4226 Mes.
603 4169 711 4238 primum
736 4164 844 4219 edendis
868 4163 967 4216 versati
986 4175 1060 4226 (quam
1078 4156 1229 4211 fidelissime

97 4248 178 4317 prima
196 4246 226 4300 iu
246 4244 364 4299 editione
383 4242 501 4296 codicum
520 4239 678 4327 scripturum
696 4235 856 4290 reddendam
875 4250 932 4285 esse
951 4226 1109 4282 censuerint.
