2942 4900
423 187 470 250 ne
484 189 615 251 ιιοιαο
634 165 806 252 Motis
827 190 876 252 uu.
895 193 943 253 lv.
1185 181 1249 251 tol

108 358 179 419 den
201 355 296 435 cupite
315 354 429 415 obvium
449 375 549 417 ornnes
573 358 758 420 sonaverint
801 357 869 417 vd.
888 363 924 418 σθ
947 354 1144 439 ἐνιειαμδνιις
1170 356 1248 435 vulg.

109 437 336 519 lnnwpivmg
356 441 389 498 S·
406 439 490 499 mule.

201 525 243 583 Ut
263 531 360 583 sutem
377 525 554 583 recentiores
571 525 728 603 scriptores
747 523 884 602 tuition,
902 520 1041 603 ἕπλύνθφ
1061 523 1116 586 olis
1136 526 1247 602 similis,

110 607 262 668 ueteribus
288 627 346 668 non
373 607 514 686 probata,
538 609 758 685 frequentarunt
784 610 837 683 (cf.
857 609 933 669 Lob.
956 608 1060 686 Phryn.
1082 629 1113 687 p.
1132 610 1181 686 37)
1206 612 1248 670 sic
1325 675 1330 684 .

110 694 201 752 etism
229 693 269 751 illi
296 686 432 772 ἱδρύνθη
455 713 490 751 ex
511 686 607 772 ttpdo
629 694 657 751 iu
685 714 767 752 usum
791 702 975 772 receperunt,
1003 713 1075 770 quse
1096 693 1248 752 Homerios

109 776 216 836 coristi
237 777 346 851 imma,
366 776 457 833 sicubi
480 793 497 833 e
519 779 606 835 codd.
626 777 816 854 antiquiorum
836 797 943 855 prosae
962 779 1102 838 orationis
1124 778 1248 855 scriptu·

109 879 179 919 rum
197 859 331 934 emersit,
347 859 452 937 procui
472 860 559 920 dnbio
579 879 643 924 cum
660 861 753 921 sitern
773 863 973 920 commutando
994 867 1047 922 cst.
1071 863 1120 938 (cf.
1141 861 1247 922 Thon.

109 944 193 1021 Mag·
211 963 242 1021 p.
259 946 323 1017 187,
343 950 379 1003 14
398 940 533 1023 δδρδθην
554 936 610 1025 ου’χ
629 942 794 1026 ἱδρύνθην,
825 947 970 1025 Interppr.
993 945 1124 1022 Thucyd.
1146 947 1247 1021 Ι,13θ.

108 1028 162 1086 nt.
185 1032 245 1107 72.)
284 1028 325 1088 Er
347 1027 525 1086 Herodotum
542 1031 655 1107 quidem
676 1031 780 1107 ipsum,
806 1050 977 1108 quamquam
997 1032 1110 1107 quoties
1132 1030 1178 1087 iric
1194 1049 1247 1088 sn-

109 1112 202 1171 ristus
229 1112 259 1168 in
275 1112 349 1188 -ejus
372 1112 452 1170 libris
481 1114 605 1189 legitur,
633 1117 720 1174 toties
742 1116 804 1174 iere
828 1116 914 1175 codd.
937 1116 1012 1173 inter
1033 1134 1065 1173 se
1093 1115 1246 1188 dissident,

109 1196 222 1273 ubique
246 1189 380 1274 ἱδρόθρν
399 1198 570 1274 scripsisse,
600 1218 665 1256 men
687 1199 754 1256 nihi
772 1201 838 1276 jure
860 1201 1034 1258 contendere
1056 1199 1166 1257 videor.
1209 1198 1245 1259 ΙΙ.

110 1285 167 1341 118
193 1280 311 1356 quidem
341 1298 441 1338 omnes
467 1281 627 1360 ἱδρυθεῖοα
652 1282 823 1357 ediderunt,
849 1283 928 1341 nulls
950 1284 1089 1341 verietate
1111 1288 1245 1352 euntem

110 1364 169 1423 sed
194 1364 218 1421 l.
239 1366 291 1423 172
309 1362 494 1442 δδρυθδννονν
517 1367 609 1424 Beirk.
633 1366 670 1431 ni,
694 1385 757 1424 curn
779 1366 814 1424 F.
836 1386 862 1423 a·
896 1368 1019 1446 ἴδρονθ.
1044 1366 1110 1425 Gst‘.
1130 1367 1167 1425 ul.
1201 1396 1247 1411 -··

111 1444 153 1506 ΙΙ.
172 1451 209 1505 44
229 1446 394 1527 [δροθὴναι
419 1467 496 1507 nunc
516 1450 593 1526 vulg.
615 1469 678 1507 eum
701 1450 741 1512 Μ.
762 1451 795 1512 Ρ.
818 1450 857 1509 Κ.
878 1453 910 1510 S.
944 1452 1128 1527 [δρυνθιῖναι
1148 1451 1187 1511 R.
1207 1449 1244 1508 V.

109 1530 149 1593 F.
171 1549 197 1591 n.
220 1549 245 1595 c.
267 1531 334 1589 ΔΜ.
356 1532 393 1589 αἱ.
414 1530 464 1609 (ci.
486 1533 567 1592 Eust.
589 1534 627 1592 nd
649 1533 685 1592 l).
702 1533 767 1597 Per.
789 1554 831 1593 vs.
846 1538 898 1595 517
918 1530 977 1615 cipe
999 1532 1035 1596 dt
1052 1530 1136 1614 [ερδν
1154 1528 1245 1610 Ἡρα-

108 1611 220 1687 κλέους
247 1606 271 1694 ἦ
300 1610 417 1689 Θάσος,
443 1609 505 1679 διεδ
536 1620 596 1678 τῶν
621 1608 720 1678 αὐτῶν
745 1619 898 1680 Φοινίκων
927 1617 1078 1699 δδρυθὶν).
1121 1618 1168 1675 lv.
1192 1621 1247 1678 103

109 1696 273 1779 ἱδρυθέντι
297 1708 376 1759 recte
397 1699 474 1777 vulg.
506 1701 681 1781 δδρυνθέντι
703 1700 739 1761 Ρ.
776 1733 813 1746 -
853 1704 963 1761 Eodem
988 1706 1053 1781 jure
1075 1701 1245 1779 Hippocrati

109 1802 231 1861 qunque
250 1782 356 1861 ubique
377 1784 543 1862 ἱδρυθῆναι
565 1787 770 1844 restituendum
781 1804 856 1864 ,esse
875 1787 996 1844 videtur.
1017 1786 1055 1845 cf.
1070 1784 1155 1843 Foes.
1171 1786 1244 1843 Occ.

17 1861 24 1938 J
107 1866 200 1945 Hipp.
221 1887 246 1927 s.
268 1886 313 1927 vv.
336 1868 483 1947 ἱδρῦσθαι
503 1878 534 1928 et
551 1866 744 1947 [dpdnccdcr'i
767 1902 810 1917 -
838 1870 880 1928 Ut
899 1864 1117 1950 δδρύνθηνιία
1136 1876 1166 1926 et
1188 1861 1245 1948 η’ρ·

107 1944 234 2030 τόνθην
260 1953 338 2030 apud
360 1953 516 2012 Homerum
542 1955 645 2015 dicitur
665 1973 718 2032 pro
748 1955 898 2012 usitatiore
920 1956 1072 2032 Atticoque
1093 1947 1245 2031 ἠρτῦθρν,

109 2053 282 2113 quemquern
295 2030 416 2112 cipscinun
431 2040 524 2116 ipsum
542 2046 572 2097 et
588 2038 660 2114 siise
677 2059 710 2097 ex
730 2039 784 2096 hnc
799 2039 908 2102 flexura
928 2039 1037 2098 tnrmne
1059 2038 1087 2095 in
1109 2056 1163 2094 usu
1180 2038 1244 2095 fne-

108 2127 198 2189 muts
210 2121 263 2177 sed
276 2120 454 2197 Herodotus,
473 2132 504 2180 ut
515 2123 561 2181 alii
571 2122 696 2200 plurimi,
708 2128 874 2182 constanter
886 2122 984 2182 formis
996 2142 1012 2180 n
1023 2128 1176 2200 praesente
1188 2115 1244 2200 cip·

105 2196 172 2265 τνόι
184 2222 254 2261 usus
263 2211 322 2262 est:
342 2200 478 2283 ἤρτυσαν
491 2207 528 2266 11.
546 2214 588 2266 12
617 2206 808 2287 ἐξηρτυμένοι
822 2206 857 2266 il.
868 2212 915 2265 43.
927 2211 973 2267 61.
1003 2200 1144 2285 ἐξήρτυτο
1154 2206 1188 2263 ΙΙ.
1197 2211 1245 2267 61ι

105 2318 153 2331 -
176 2288 248 2346 Aliis
268 2289 298 2345 in
315 2289 411 2346 verbis
433 2290 537 2369 duplex
555 2292 645 2350 forna
661 2292 698 2348 sd
718 2292 923 2350 discernendus
944 2290 1166 2369 significationes
1190 2291 1244 2349 nd-

106 2370 200 2429 hibitn
221 2372 312 2430 fuisse
333 2374 462 2451 videtur,
486 2375 573 2433 veluti
595 2377 625 2433 in
651 2370 753 2437 ἰθύνοι
775 2381 806 2434 ct
829 2373 927 2451 idcirc,
948 2370 1097 2455 πληθδνοο
1120 2380 1150 2431 et
1170 2379 1244 2454 πλην

106 2449 201 2530 odo,
233 2452 296 2518 δύω
319 2464 348 2515 et
369 2454 454 2521 δδνα
476 2459 530 2537 (cf.
551 2461 711 2536 Schweigin
733 2461 788 2523 lex.
810 2462 917 2520 Herod.
939 2480 963 2521 s.
988 2460 1050 2541 vv.)
1072 2478 1244 2537 quemquern

106 2541 185 2599 hand
212 2541 313 2618 negari
334 2551 433 2619 potest
460 2563 518 2603 nou
548 2563 605 2602 uuo
631 2546 696 2603 ioco
722 2545 945 2619 significutiones
971 2562 1038 2603 esse
1067 2544 1242 2603 commixtus·

105 2656 153 2669 ·-
195 2625 281 2693 Quod
301 2625 408 2684 Buttm.
431 2626 450 2685 l.
473 2626 492 2689 Ι.
514 2628 639 2705 probare
658 2628 813 2700 studebat,
834 2629 957 2687 futurum
979 2627 1143 2689 κτανέοντα
1164 2627 1197 2684 ΙΙ.
1217 2621 1243 2687 σ’

105 2712 161 2768 309
180 2727 236 2785 pro
256 2712 401 2786 praesenti
421 2715 550 2788 tempore
566 2713 657 2789 accipi
677 2729 777 2789 posse,
795 2711 824 2768 id
840 2730 874 2768 ee
891 2711 996 2768 Graeci
1012 2711 1151 2768 sermonis
1165 2707 1242 2786 lege,

104 2793 279 2851 arctioribus
303 2794 436 2870 quidem,
465 2813 549 2872 quum
569 2797 655 2872 vulgo
676 2796 725 2870 fit,
755 2795 1010 2853 circumscribendu
1032 2793 1153 2867 finibus,
1174 2793 1242 2850 niti-

105 2883 173 2951 tur,
199 2896 236 2935 ex
256 2896 313 2953 qun
332 2879 474 2937 interdum
495 2899 530 2938 ex
551 2880 660 2938 noristo
681 2880 808 2939 secundo
827 2879 873 2937 vel
895 2880 990 2937 futuro
1011 2878 1083 2935 uliae
1105 2896 1242 2954 praeseu-

105 2962 147 3018 tis
167 2963 305 3038 temporis
321 2961 430 3021 formae
453 2965 482 3021 in
501 2963 552 3038 ξῐ,
572 2966 616 3028 EI„
638 2971 774 3022 exeuntes
787 2963 957 3041 simpliciter
978 2963 1134 3035 exsistunt,
1155 2958 1242 3018 veluti

107 3042 323 3121 ἐπιτραπέουσι
343 3045 430 3104 Hom.
448 3046 481 3104 ΙΙ.
503 3056 547 3121 10,
569 3056 633 3109 411.
655 3044 752 3121 duim,
769 3041 878 3127 ιιερᾶω,
899 3046 964 3111 niis.
1008 3046 1095 3115 Quod
1115 3046 1153 3104 sd
1174 3064 1241 3103 ver·

107 3128 211 3186 borum
232 3146 322 3204 genus
345 3131 430 3189 etiarn
450 3130 645 3192 Herndcteum
667 3126 808 3209 actricem
831 3132 909 3190 vlu.
930 3138 965 3190 21
995 3131 1040 3209 (εἰ
1057 3127 1203 3208 παλήσειε
1224 3152 1240 3192 ο

106 3207 407 3292 νανειιιδςσιραιός)
428 3215 609 3277 referendum
633 3237 698 3277 esse
718 3218 845 3289 videtur,
873 3236 908 3274 nc
929 3217 1083 3292 rejicienda
1102 3218 1243 3293 scripturn

107 3295 220 3356 codicis
239 3296 273 3353 F.
300 3300 471 3373 scaturiunt,
500 3320 593 3378 neque
624 3302 744 3359 aliorum
772 3301 856 3358 codd.
877 3300 947 3357 Mes.
971 3301 1141 3359 auctoritate
1165 3300 1241 3374 nixu,

108 3397 169 3438 nec
188 3399 251 3438 cum
270 3379 407 3459 Hesychii
435 3383 548 3459 giosss,
576 3383 651 3442 haud
673 3383 761 3441 dubie
781 3384 836 3441 huc
858 3383 1015 3457 trahenda,
1041 3400 1186 3454 consona,
1211 3382 1241 3438 in

108 3481 169 3541 qua
189 3459 328 3543 nutricem
348 3468 425 3532 idern
445 3486 510 3527 esse
531 3468 688 3526 diciturne
710 3468 917 3546 διυφθαρείη;
943 3466 985 3524 sic
1007 3464 1081 3522 enirn
1103 3483 1158 3542 pru
1177 3462 1241 3520 vui·

106 3556 179 3624 gato
205 3550 394 3627 cirumcisionis
421 3552 601 3611 scribendum
630 3571 696 3610 esse
721 3553 827 3609 docent
853 3551 949 3608 stetim
975 3546 1126 3606 subsecuta
1153 3546 1241 3605 verbe

106 3629 302 3712 ἐπέλθῃσιν
329 3626 464 3714 ἐφθάρη.
508 3637 603 3713 Atque
631 3636 869 3714 διαφθείρεσθαι
890 3633 1037 3712 proprium
1063 3633 1100 3690 de
1120 3631 1240 3690 novibus

106 3717 228 3794 perditis
249 3718 365 3777 verbnm
384 3719 475 3778 tuisse
494 3721 625 3794 videtur,
651 3721 800 3779 Herodoto
820 3737 934 3822 quoque
956 3720 1122 3795 usurpatum
1144 3716 1166 3776 Ι.
1189 3718 1240 3774 167

107 3803 171 3860 τόν
187 3803 432 3881 διαφθαριισέαιν
453 3809 541 3865 ccciv.
586 3805 609 3868 1.
633 3809 684 3865 166
702 3796 920 3882 διεφθάρησαν
941 3819 999 3879 σφι
1020 3800 1084 3874 νέες
1102 3790 1240 3874 τεσσερά-

30 3904 34 3909 ·
105 3905 211 3945 κοντα.
253 3888 352 3956 Quare
372 3889 449 3947 idem
465 3888 627 3964 Hesychius
646 3890 779 3967 exposuit
797 3885 1002 3966 πεπαληιιὲναι
1019 3885 1164 3958 terrendo,
1185 3905 1237 3944 rce-

104 3968 303 4048 anappum
325 3972 541 4052 βεβλαμμέναι,
558 3973 746 4053 πεπαλμένος
763 3971 986 4054 βεβλαμμὲνος,
1005 3971 1107 4047 quibus
1123 3973 1238 4048 postre-

101 4054 157 4112 mis
179 4056 275 4114 verbis
297 4057 368 4114 satis
387 4057 423 4115 >fit
448 4058 649 4137 manifestum,
678 4057 726 4116 ilis
743 4060 842 4136 priore
868 4056 1025 4136 repetenda
1054 4073 1118 4112 esse
1142 4075 1160 4111 s
1179 4074 1238 4112 rcu-

102 4138 178 4214 uu,
209 4142 287 4216 quod
308 4140 402 4218 ipsum
423 4141 499 4200 velut
512 4160 599 4201 'nove
619 4160 751 4221 propago
772 4161 807 4201 erc
828 4141 938 4201 eoristo
960 4138 1087 4198 secundo
1107 4140 1239 4215 nutriunt
1272 4151 1277 4159 “

100 4227 261 4300 profectum
280 4231 342 4302 est,
369 4243 461 4303 ecque
488 4244 524 4285 ex
545 4227 655 4305 origiue
675 4227 883 4286 intransitivum
909 4225 1030 4286 servnvit
1051 4223 1237 4300 significatio-
