2942 4900
236 206 278 274 86
549 207 597 267 De
618 197 931 290 dialecto·lder0dotea
952 206 1000 265 lib.
1023 207 1056 268 1:

234 379 332 458 potius
351 378 550 454 conjungenda
570 377 625 455 ait,
639 396 698 442 nou
715 394 777 434 curu
794 370 920 444 codron}
944 374 1021 451 qood
1041 393 1128 452 quum
1146 376 1208 435 fieri
1227 376 1285 436 hoc
1305 378 1372 437 loco

235 482 293 521 uon
310 482 398 541 posse
412 468 526 540 pateat,
555 463 584 519 iu
605 462 716 537 uulgari
736 462 856 519 istorum
877 459 1027 518 verborum
1045 459 1232 519 collocatione
1251 463 1374 538 aequie-

235 549 371 606 sceudum
387 553 443 622 est,
455 547 624 606 confirmata
638 546 723 605 etiam
739 543 871 622 Aeschyli
886 544 1007 623 quodam
1023 544 1097 618 loco,
1113 546 1161 622 qui
1176 552 1223 604 est
1236 546 1372 626 Choeph.

235 644 279 689 vs.
302 636 363 692 769.
387 632 467 711 μέλει
486 637 605 693 θεοῖσιν
626 619 725 711 ὦνπερ
748 624 788 691 dv
810 628 882 716 μέλῃ
904 628 982 707 πέρι.
1006 659 1044 672 -
1071 629 1120 687 vl.
1145 634 1197 690 109
1216 632 1381 691 ediderunt

236 716 328 802 §alst
351 714 388 786 al.
413 735 477 776 cum
496 718 529 775 S.
551 716 585 779 V.
608 715 679 774 haec
700 715 789 774 rerba
810 715 853 773 sic
874 714 1027 772 collocata:
1049 706 1152 791 ἡμέων
1174 717 1240 795 δίχα
1264 716 1372 799 pronv-

235 811 284 862 ται
306 800 340 861 αἱ
359 806 489 882 γνῶμαι,
512 802 574 861 cciv
595 798 649 879 pia
667 793 851 861 κελευόντων
871 796 1062 881 συμβαλέειν,
1086 804 1147 861 τῶν
1169 797 1201 862 dl
1222 793 1260 861 ori
1285 819 1371 880 συμ-

119 909 123 916 ‘
236 884 366 964 βαλέειν.
412 887 466 943 Alii
487 884 568 963 (edd,
590 890 658 948 vett.
678 882 785 959 Belds.)
806 901 878 941 cum·
891 883 978 948 codd.
1001 882 1036 939 F.
1059 884 1087 942 b.
1108 888 1171 946 suiv
1192 881 1245 962 μὲν
1269 892 1380 948 natm·

236 964 343 1043 ὄντων,
372 973 431 1030 τῶν
452 969 484 1032 δὲ
504 966 543 1030 οὕ
563 967 757 1050 συμβαλέειν,
786 969 839 1027 sed
861 986 897 1026 ne
918 969 960 1025 sic
983 968 1098 1045 quidem
1119 976 1197 1027 recte
1218 981 1372 1048 samtpo-

234 1056 307 1123 s'ita3
336 1073 422 1129 quum
448 1054 524 1116 euim
552 1055 733 1131 negationem
757 1046 815 1129 οὕ,
842 1057 927 1109 acuto
957 1059 1104 1127 notatam,-
1132 1059 1163 1112 et
1192 1053 1313 1113 aliorum
1343 1062 1375 1114 et

235 1139 325 1216 ipsius
341 1136 489 1198 ‘Herodoti
513 1139 609 1196 multis
636 1137 772 1215 exemplis
799 1134 989 1198 demonstrari
1016 1139 1111 1218 possit
1135 1139 1165 1196 iu
1192 1138 1249 1197 tine
1277 1140 1373 1213 tatius

235 1223 375 1281 enuntiati
395 1225 559 1302 ponendam
583 1241 666 1296 esse,
697 1220 767 1281 nihil
792 1220 959 1298 relinquitur
986 1221 1081 1296 dubii,
1109 1224 1178 1300 quin
1205 1223 1252 1281 hic
1280 1243 1311 1284 a.
1325 1244 1373 1283 me

235 1308 402 1385 propositus
423 1307 576 1366 verborum
598 1308 671 1365 ordo
691 1306 774 1368 solus
792 1305 830 1364 sit
850 1308 1009 1380 genuinus:
1032 1309 1091 1368 τῶν
1111 1305 1164 1385 μὲν
1182 1301 1372 1372 κελευόντων

236 1394 420 1473 συμβαλεῖν,
442 1397 505 1453 τῶν
524 1390 557 1454 dl
573 1384 628 1457 ur'i.
651 1384 691 1468 ἢν
711 1389 765 1469 μέν
787 1411 847 1452 νυν
863 1414 894 1452 ιι.
913 1412 938 1451 τ.
960 1394 986 1452 λ.

321 1474 416 1544 Quum
437 1476 525 1552 igitur
546 1475 720 1550 viderimus,
746 1480 804 1533 tam
827 1474 929 1533 mirltas
952 1474 1040 1534 fuisse
1063 1493 1182 1547 causas,
1208 1477 1372 1555 exquibus

235 1568 293 1620 tam
315 1560 476 1622 deformata
497 1560 666 1620 Herodotea
687 1558 780 1618 oratio
801 1559 962 1633 exsisteret,
984 1577 1078 1637 neque
1097 1561 1213 1620 omnino
1232 1580 1302 1623 vere
1318 1563 1371 1621 Fr.

235 1645 272 1704 A.
288 1644 419 1704 Wollium
439 1645 589 1721 (Prolegg.
610 1664 639 1723 p.
658 1642 712 1721 vl)
732 1642 788 1701 sibi
807 1643 1044 1704 animadvertisse
1064 1644 1154 1702 visum
1173 1664 1239 1705 esse
1256 1651 1373 1726 pateat,

167 1765 173 1776 ι
235 1747 318 1806 quam
347 1749 439 1807 prope
465 1748 601 1806 germano
629 1728 715 1787 nitori
741 1725 872 1786 ‘redditos
896 1728 1066 1787 haberemus
1095 1729 1235 1789 Herodoti
1266 1731 1373 1806 libros,

234 1815 330 1872 statim
345 1815 475 1892 quaestio
490 1815 633 1874 exoriatur
647 1831 768 1873 neeesse
779 1819 834 1889 est,
849 1832 923 1890 quae
938 1812 983 1871 ria
997 1831 1128 1889 quaeque
1140 1814 1211 1873 ratio
1226 1815 1313 1874 nobis
1332 1816 1377 1873 sit

234 1900 434 1975 ingredienda,
452 1905 484 1957 ut
503 1898 552 1957 illa
572 1916 659 1974 quam
675 1897 795 1959 maxime
815 1899 939 1974 genuina
956 1899 1124 1973 sinceraque
1139 1899 1285 1960 reddatur.
1330 1900 1375 1958 Et

235 1983 312 2041 dicad
332 1984 453 2060 aliquis,
474 1983 561 2042 libros
583 1985 621 2042 de
640 1983 771 2041 dialectis
793 1984 986 2060 compositos,
1008 2001 1026 2041 a
1046 1983 1251 2042 recentioribus
1273 1982 1373 2043 doctis

233 2068 303 2126 viris
322 2068 476 2127 utilissimis
496 2068 729 2128 adnotationibus
749 2066 923 2142 illustratos,
948 2067 1065 2126 multum
1082 2067 1180 2132 nobis
1197 2086 1287 2146 posse
1314 2069 1374 2128 hoc

234 2153 263 2211 iu
285 2154 404 2229 negotio
430 2154 589 2231 prodesse;
616 2168 650 2209 ac
676 2168 777 2210 revera
799 2150 893 2227 aliqua
915 2170 950 2210 ex
970 2157 1054 2229 parte
1074 2159 1209 2232 prosunt,
1231 2153 1373 2231 imprimis

235 2235 437 2297 Schaer'eriana
458 2235 509 2296 illa
526 2235 659 2312 Gregorii
675 2234 817 2294 Corinthii
837 2234 898 2294 libri
920 2237 958 2295 de
977 2237 1098 2300 Graecis
1120 2237 1250 2297 dialectis
1268 2238 1373 2313 editio,

234 2320 575 2397 multisdoctissimisque
592 2321 729 2379 instructa
742 2322 961 2384 commentariis.
1002 2321 1063 2380 Sed
1084 2321 1197 2380 bilibri
1218 2337 1374 2384 recensum

234 2409 342 2465 tanturn
365 2406 473 2483 aliquot
493 2406 647 2466 formarum
668 2405 859 2467 dictionumue
881 2424 915 2467 er
940 2423 1054 2485 quaque
1073 2406 1198 2467 dialecto
1219 2413 1372 2489 excerpta·

234 2508 295 2549 rum
317 2490 469 2569 exhibent,
495 2509 588 2569 neque
615 2489 913 2570 eum-plenissimum,
940 2508 1034 2568 neque
1055 2493 1128 2570 satis
1148 2492 1371 2571 distinguentem

234 2577 310 2634 iuter
329 2576 408 2634 varia
426 2579 563 2655 cujusque
581 2576 699 2637 dialecti
717 2594 826 2653 genera
848 2580 879 2634 et
899 2577 1081 2655 scriptorum,
1102 2578 1150 2654 qui
1167 2578 1203 2637 iis
1224 2579 1269 2637 nsi
1294 2587 1371 2645 suut,

116 2704 118 2713 .
163 2690 183 2705 κ
234 2661 298 2719 Νεε
322 2680 410 2734 vero,
432 2662 543 2723 etiamsi
564 2661 676 2740 singula
697 2679 848 2739 quaeque,
870 2679 943 2739 quae
964 2660 1000 2719 ab
1022 2661 1295 2740 aliis·scriptoribus
1316 2663 1373 2723 ulia

235 2748 386 2804 occasione
408 2748 537 2806 adhunc
559 2766 618 2808 rem
640 2749 814 2825 pertinentia
833 2747 1046 2821 traditnsunt,
1072 2745 1290 2823 diligentissime
1312 2747 1375 2806 col·

234 2831 308 2890 lecta
328 2833 540 2906 addiderimus,
569 2841 599 2893 et
625 2834 665 2892 ita
686 2832 781 2891 omnia
801 2832 903 2908 cuique
926 2831 1047 2891 dialecto
1068 2833 1219 2910 peculiaria
1234 2834 1264 2890 in
1286 2850 1373 2892 uuum

234 2925 419 2992 conspectum
445 2918 638 2993 coegerimus,
666 2914 697 2976 id
723 2917 801 2992 quod
817 2915 988 2975 ·novissimis
1006 2917 1184 2995 tmeporibus
1204 2916 1322 2976 Giesius
1343 2923 1374 2977 et

235 2999 347 3058 Ahrens
368 3002 536 3058 doctissime
557 3002 654 3060 facere
673 2996 894 3080 inceperunt*),
908 3026 910 3029 ·
925 3020 1030 3077 magno
1049 3020 1113 3059 cum
1136 3003 1235 3060 lurotu.
1257 3002 1287 3059 in
1308 3009 1376 3063 arte

235 3084 351 3158 critica,
373 3084 410 3140 ad
433 3083 506 3142 huuc
526 3085 573 3144 vel
593 3084 671 3144 illum
691 3085 861 3164 scriptorem
881 3085 1059 3161 adhibenda,
1081 3087 1241 3164 procedere
1256 3089 1374 3164 poteri-

235 3186 309 3242 mus,
329 3168 382 3228 aisi
401 3170 561 3229 accuratius
578 3171 608 3227 in
625 3169 708 3245 hujus
728 3170 822 3245 unius,
843 3188 928 3247 quem
948 3177 1114 3246 tractaturus,
1135 3171 1283 3249 scriptoris
1303 3190 1374 3249 pru-

235 3253 325 3330 priam
345 3252 499 3311 dictionem
520 3254 724 3332 propriumque
744 3266 826 3313 usum
848 3255 1033 3331 inquiramus.
1076 3256 1182 3332 Neque
1203 3255 1279 3314 enim
1300 3256 1374 3314 mul·

235 3343 294 3394 tum
316 3337 449 3413 adjuvat,
469 3356 555 3414 quum
576 3338 686 3397 turmae
702 3341 844 3415 quaedam
865 3339 910 3398 vel
928 3340 1067 3400 dictiones
1089 3342 1240 3399 traduntur
1257 3339 1374 3401 lonicae

235 3440 312 3497 esse,
335 3440 392 3499 qua
413 3422 450 3480 de
472 3441 504 3481 re
521 3423 690 3500 plerumque
711 3422 788 3482 nulla
808 3432 854 3484 est
874 3424 1027 3500 dubitatio,
1048 3425 1074 3482 si
1093 3425 1258 3502 ignoramus
1277 3431 1374 3484 utrum

235 3507 420 3566 Herodoteae
437 3507 503 3566 illae
524 3509 582 3566 sint
596 3527 632 3566 an
650 3506 720 3566 alius
733 3508 824 3568 lonici
842 3509 1007 3586 scriptoris3
1026 3510 1051 3567 si
1064 3510 1240 3589 ignoramus,
1260 3510 1375 3570 etiami

236 3597 347 3650 constet
370 3593 548 3651 Herodotum
576 3612 625 3649 eas
647 3609 817 3672 usurpasse,
842 3599 936 3652 utrum
958 3612 1071 3672 semper
1096 3595 1133 3653 iis
1157 3613 1228 3654 usus
1250 3594 1320 3671 sit,
1337 3614 1374 3656 an

236 3675 298 3733 aliis
321 3676 349 3732 in
371 3675 443 3733 locis
465 3676 520 3735 alia
534 3676 689 3735 admiserit.
731 3678 828 3746 Quare
837 3698 941 3741 rursus
955 3680 994 3739 ad
1011 3684 1127 3741 nostros
1140 3679 1375 3756 corruptissimos
1397 3717 1402 3729 ·

236 3759 353 3817 codices
374 3757 446 3817 Mss.
475 3761 558 3819 nobis
581 3760 802 3838 confugiendum
824 3769 878 3822 est.
921 3764 981 3821 Sed
1002 3762 1249 3841 hi,.quamquam
1261 3765 1375 3825 nudius

236 3843 330 3902 adhuc
351 3844 458 3902 codicis
479 3854 640 3905 accuratam
660 3853 894 3924 constantemque
907 3847 1046 3909 habemus
1059 3848 1252 3925 oollationem,
1271 3867 1376 3910 neeo-

243 3986 443 3996 d—-n-——ae-

308 4082 340 4145 *)
369 4080 405 4131 Et
422 4077 509 4130 Gissii
533 4077 637 4146 quidem
663 4078 732 4133 liber
762 4081 795 4138 de
819 4080 932 4135 dialecto
956 4081 1063 4134 Aeolica
1087 4080 1253 4151 conscriptus
1276 4080 1305 4134 iu
1326 4081 1379 4135 hac

239 4145 297 4213 ipsa
316 4147 429 4200 dialecto
453 4146 590 4200 tractanda
613 4149 749 4216 constitit,
774 4149 837 4218 quia
854 4158 948 4204 auctor
961 4159 1130 4219 praematura
1148 4157 1230 4205 morte
1248 4151 1378 4221 abreptus

238 4221 298 4278 est,
324 4215 433 4270 alterius
452 4222 538 4267 autem
557 4216 636 4269 etiam
656 4215 765 4269 alterum
785 4218 904 4271 volumen
924 4217 957 4271 da
975 4219 1087 4272 dialecto
1105 4220 1203 4273 Dorica
1228 4235 1314 4290 nuper
1337 4225 1379 4274 est

239 4280 353 4348 eduum,
369 4286 438 4354 quod
461 4283 564 4353 quidem
584 4292 613 4338 ut
630 4286 808 4340 nanciscerem
826 4287 939 4351 nondum
958 4287 1021 4340 mihi
1040 4289 1164 4357 contigit.
