2942 4900
418 197 465 259 De
486 199 608 262 dialecto
631 198 799 286 Herodotea
818 200 867 261 lib.
890 200 926 261 II.
1185 197 1237 266 ’95

96 371 162 433 ὼν
184 367 260 445 vng.
287 364 375 447 ἔρδον
396 368 479 431 nu.
519 368 619 427 ‘Edam
646 389 700 448 ρτο
728 370 802 434 maie
828 371 943 447 vulgato
972 369 1091 449 ἔρδεσκε
1117 369 1178 429 VII.
1200 376 1236 431 30

96 454 256 512 Bekkerus
278 457 358 511 recte
380 450 497 532 ἔρδεσκε
515 455 653 513 restitnit.
677 484 722 497 —·
758 455 837 513 Nam
863 456 892 512 iu
921 456 1037 514 Homeri
1065 455 1236 527 carminibus

96 537 203 620 ἕρδειν
221 557 259 595 an
277 537 374 615 ἕρδειν
393 541 501 596 rectius
516 539 698 600 scribendam
718 540 774 613 sit,
796 559 870 597 nunc
893 559 949 596 non
970 558 1087 615 ηιιειεεο.
1131 538 1164 595 In
1186 558 1236 597 ao·

95 625 175 682 cisto
193 623 283 700 ἔρξαν
306 624 335 679 in
355 622 427 681 locis
441 623 527 680 modo
547 642 633 701 supra
648 624 770 682 laudatis
784 623 839 681 teni
854 625 956 701 spirita
971 624 1121 682 scribendo
1136 642 1236 682 omnes

95 710 306 811 consentiunt,
337 725 506 810 quamquam
535 709 615 772 Suid.
645 728 670 770 s.
695 728 721 767 v.
750 700 850 787 είριιτή
872 710 998 776 tradidit
1024 705 1059 771 cd
1088 706 1120 770 δὲ
1151 706 1237 783 ἔρξας

96 818 131 856 w
156 795 749 955 πρδαεῖλαςαλίίίσίίίςυίίίεῗιίίλίῖἒκαοείίιτῖαεω
769 878 861 954 prima
889 897 988 936 eornm
1014 877 1121 936 vocalis
1140 876 1237 938 lonico

96 968 213 1022 mutata
232 966 288 1034 est,
309 963 425 1038 spiutus
446 979 531 1038 astoer
550 969 582 1019 nt
604 963 633 1019 in
646 962 755 1037 vulgari
770 980 901 1020 sermone
916 964 1042 1035 additur,
1062 963 1105 1019 sic
1119 962 1236 1023 είλίτσιτ

96 1053 202 1105 noster
221 1063 335 1123 semper
356 1047 435 1118 dixit,
457 1054 487 1103 et
504 1047 644 1104 immerito
664 1047 779 1122 quidam
790 1045 834 1105 ¹11.
849 1052 884 1105 38
896 1046 1037 1109 είλίσσοιν
1054 1053 1235 1123 receperunt,

97 1152 188 1208 quum
209 1131 293 1188 codd.
307 1130 347 1193 at.
363 1129 398 1188 P.
411 1130 462 1204 Κ,
485 1137 516 1188 ut
534 1136 696 1189 constanter
710 1131 788 1205 alibi,
806 1130 942 1193 εἱλίσσων
961 1131 1156 1209 praebuerint.
1192 1129 1236 1192 Ac
1297 1199 1299 1202 .

96 1215 173 1274 saiso
199 1216 231 1272 iu
254 1214 397 1273 Eustathii
425 1215 585 1274 conruent.
613 1216 651 1273 ad
672 1214 757 1274 Hom.
778 1215 811 1275 11.
833 1237 863 1293 p.
887 1220 938 1275 177
956 1241 1001 1269 =
1022 1220 1076 1274 234
1102 1205 1235 1274 scribitur

99 1302 233 1379 ελλίχατο
253 1318 289 1357 er
310 1299 423 1357 Herod.
444 1299 505 1359 Vll.
526 1304 573 1374 90,
593 1300 640 1357 ubi
662 1301 754 1359 nostri
768 1298 929 1358 Herodotei
949 1299 1013 1357 libri
1036 1299 1161 1379 είλίηατο
1183 1298 1235 1358 ba·

98 1386 179 1442 bent.
230 1384 269 1441 Et
289 1385 391 1442 vereor
413 1391 444 1443 ut
465 1385 600 1461 exemplis
621 1383 798 1442 indubitatae
820 1383 887 1442 fidei
906 1384 1022 1461 probari
1042 1385 1136 1460 possit
1157 1380 1236 1462 quod

98 1470 233 1527 Tzetzes
259 1471 297 1526 nd
320 1468 442 1527 Hesiod.
464 1489 493 1546 p.
519 1473 570 1531 109
591 1469 724 1528 tradidit:
751 1462 785 1530 cd
807 1467 867 1543 ἕλιξ
884 1463 1014 1532 Ἀττιιιολ
1036 1462 1234 1539 δοσῦυουσιν.

99 1554 131 1615 oi
151 1550 188 1618 δὲ
212 1554 314 1615 λοιποί
334 1548 445 1627 πάντες
465 1558 618 1628 φιλοῦσιν.

184 1638 343 1697 Praeterea
359 1644 459 1696 noster
475 1656 578 1715 aspero
599 1637 700 1715 spiritu
721 1637 794 1695 dixit
812 1619 900 1715 ἱστίη,
921 1638 1030 1712 ίστινῖν,
1050 1643 1106 1697 etc.
1147 1636 1235 1703 Quod

97 1732 197 1784 autem
221 1717 316 1785 ἒσσόω
345 1725 408 1782 leni.
427 1724 529 1802 spiritu
557 1730 686 1781 notatum,
705 1723 792 1780 codd.
813 1722 851 1781 F.
871 1725 904 1782 S.
927 1722 956 1785 b.
980 1724 1010 1782 d.
1036 1723 1097 1783 scre
1124 1739 1236 1798 semper

92 1809 269 1889 waebuisse
292 1808 424 1866 dicuutur
445 1811 489 1886 (ut
509 1807 532 1868 I.
550 1812 602 1866 207
622 1826 678 1884 pru
700 1806 808 1880 vulgat.
830 1807 992 1880 ἕσσωθείς,
1014 1805 1184 1881 ίσσωθείς),
1204 1804 1235 1862 id

97 1915 136 1955 es
156 1911 297 1972 perversa
318 1894 441 1969 quadam
457 1894 572 1950 ratione
594 1892 755 1970 profectum
777 1892 993 1967 ascendetur,
1015 1890 1086 1951 utI.
1106 1897 1160 1950 200
1182 1884 1234 1951 dt.

7 2041 8 2050 ¹
95 1981 161 2058 ’μου
185 1979 316 2035 codicum
338 1977 375 2034 F.
396 1997 423 2036 a.
443 1977 472 2036 b.
495 1975 589 2054 (bid.)
617 1996 670 2054 pro
693 1994 770 2033 nuuc
790 1976 868 2050 vulg.
887 1969 991 2052 ὅλμον.
1033 1976 1056 2037 1.
1077 1980 1112 2036 71
1136 1968 1235 2053 sibodo

99 2064 232 2122 codicum
253 2066 283 2121 S.
303 2062 331 2121 b.
352 2082 407 2139 pro
425 2063 504 2138 vulg.
527 2055 633 2143 ἁβρὸν.
666 2060 715 2121 II.
743 2064 758 2119 7
781 2053 864 2121 ddoiv
883 2062 990 2120 codicis
1010 2060 1049 2118 K.
1071 2080 1124 2138 pro
1143 2052 1234 2120 ὁδῶν.

99 2149 121 2209 1.
137 2153 176 2208 24
193 2143 304 2210 trdus
325 2148 432 2205 codicis
449 2145 486 2204 F.
508 2153 539 2204 et
557 2147 640 2205 Suid.
663 2164 687 2205 s.
710 2164 744 2202 v.
758 2165 812 2222 pro
834 2141 944 2208 ἕδοίλια
970 2146 1009 2209 cf.
1027 2143 1105 2204 Lob.
1123 2143 1169 2221 Aj.
1192 2162 1235 2200 rs.

99 2235 177 2295 1277.
197 2263 243 2275 -·
263 2232 310 2290 De
330 2232 393 2295 ίετσ
415 2237 445 2291 et
463 2250 600 2307 perverso
618 2230 679 2292 ίετο
702 2230 769 2287 vide
789 2229 862 2288 iufra
879 2250 912 2308 η).
932 2236 994 2290 322.

176 2313 281 2376 'Porro
299 2319 320 2374 ’σ
340 2336 402 2374 cum
428 2316 491 2373 aliis
512 2315 615 2374 titteris
637 2312 809 2389 liugualibns
835 2321 1033 2393 permutatur..
1056 2311 1137 2372 sicd
1164 2317 1200 2367 et·
1219 2334 1236 2371 τ

99 2404 127 2463 ia
147 2396 287 2482 σήμερον
306 2402 416 2462 Herod.
436 2400 487 2463 III.
507 2399 554 2476 71,
568 2402 635 2460 vide
652 2400 748 2462 unia.
772 2398 886 2478 (Stura)
903 2420 935 2478 p.
957 2405 982 2461 7.
999 2430 1044 2442 --
1063 2397 1129 2457 Huc
1149 2397 1236 2455 etiam

98 2491 228 2568 pertinet
258 2486 356 2546 Ionica
379 2486 556 2565 quorumdam
582 2487 728 2544 nominum
753 2486 915 2544 terminatio
943 2487 973 2544 in
997 2485 1048 2546 σία
1073 2482 1155 2560 (oin)
1180 2501 1235 2558 pro

99 2576 200 2634 Attica
222 2573 272 2634 τίν
300 2571 340 2631 cf.
358 2570 436 2631 Lob.
458 2572 579 2647 Forerg.
606 2592 636 2649 p.
660 2575 712 2629 005
732 2589 799 2648 sqq.
843 2570 894 2628 Sic
917 2564 1045 2648 α’λουσίη
1064 2567 1177 2626 Herod.
1198 2563 1236 2622 II.

98 2664 144 2720 86.
162 2659 342 2736 Hippocrat.
357 2658 400 2717 de
419 2655 492 2715 Vict.
513 2658 584 2718 San.
604 2654 640 2713 ΙΙ.
664 2660 775 2714 1001.
802 2684 846 2698 -
875 2645 1025 2731 σἰδυνασίη
1048 2651 1160 2711 Herod.
1182 2649 1234 2711 III.

99 2748 140 2805 79.
162 2743 230 2805 VH.
251 2747 302 2803 172
324 2744 388 2818 (sed
410 2735 565 2819 οἷδυυαμίη
587 2740 696 2798 Herod.
715 2736 792 2795 VIII.
815 2745 877 2797 lll.
894 2738 982 2817 Hipp.
1003 2737 1077 2795 Ptat.
1100 2735 1173 2813 atii).
1191 2764 1236 2777 -

98 2823 314 2909 ’ἆυρητοιτοσίη
333 2826 442 2887 Herod.
457 2825 504 2884 IV.
519 2829 556 2884 84
577 2824 615 2882 cs.
632 2823 708 2882 Lob.
727 2822 745 2881 l.
766 2822 785 2879 l.
804 2842 836 2900 p.
857 2829 919 2882 522.
951 2819 1149 2902 στρατηλασίη
1171 2816 1235 2875 He·

100 2910 1028 2984 mstnfflmfflnfflwffinmuffi

184 2999 343 3057 Praeterea
363 3000 400 3055 λΐσ
419 2996 515 3055 multis
536 2995 564 3052 in
586 2995 704 3052 vocibus
724 2998 884 3070 posuerrurt
904 2991 989 3051 Iones
1011 2989 1236 3064 Herodotusque

101 3105 150 3164 pro
167 3082 330 3143 Atticorum
350 3104 398 3155 ττ,
425 3083 467 3139 sic
490 3081 583 3142 utnon
604 3077 652 3136 IV.
674 3083 735 3138 145.
759 3071 837 3139 ἅσσα
860 3076 883 3142 I.
902 3080 938 3137 47
959 3083 988 3136 et
1006 3075 1065 3137 alia
1083 3072 1235 3153 permulta,

102 3169 295 3251 quaeuumuia
316 3186 390 3225 nunc
409 3172 488 3224 recte
510 3163 692 3238 scribuntur,
712 3164 799 3220 etiam
818 3162 876 3235 ibi,
897 3163 944 3220 ubi
963 3161 1050 3220 codd.
1073 3160 1190 3237 quidam
1206 3158 1237 3214 In

103 3257 228 3321 Atticam
250 3252 482 3311 consuetudinem
505 3248 724 3322 aberraverant,
747 3253 779 3305 ut
799 3245 823 3304 Ι.
843 3251 894 3306 197
914 3241 991 3308 dono
1011 3244 1090 3320 vulg.
1112 3237 1184 3306 ic‘rro
1203 3241 1236 3306 S.

102 3337 149 3401 III.
170 3345 209 3398 50
231 3335 391 3398 Μέλισσαν
414 3342 443 3393 et
462 3336 620 3411 Μελίσσης
641 3331 718 3408 vulg.
741 3332 894 3410 Μελίσσης
908 3333 939 3392 S.
959 3331 1009 3390 IV.
1030 3335 1082 3391 134
1102 3321 1237 3390 ἆττσλὰσ·

102 3431 212 3487 σεσθαι
232 3420 312 3496 vuig.
332 3415 557 3485 ιίιταλσίττεσθαι
570 3418 606 3477 F.
638 3418 673 3479 V.
691 3421 708 3475 6
724 3410 924 3491 ’φυλάσσουσι
945 3415 1021 3491 vulg.
1051 3405 1236 3490 φυλάττουσι

103 3508 131 3566 S.
162 3506 230 3566 VII.
252 3510 287 3565 46
308 3500 572 3586 συνταράσσουσαι
590 3503 667 3580 vulg.
688 3495 861 3581 συνταραττ.
884 3499 919 3562 F.
955 3498 1004 3558 IX.
1019 3502 1054 3556 62
1075 3491 1237 3566 ἐλάσσονες

103 3593 177 3669 rng.
200 3583 293 3654 ἕλοίττ.
313 3591 349 3650 F.
368 3623 414 3639 ψ·-
455 3610 473 3652 σ
494 3596 525 3648 et
546 3614 565 3669 ρ
584 3588 623 3647 II.
645 3588 680 3647 70
699 3578 853 3663 θηρευτής
873 3589 950 3641 recte
972 3600 1047 3640 nunc
1069 3579 1148 3656 vulg.
1172 3597 1237 3637 cum

104 3678 187 3738 codd.
208 3676 252 3737 M.
273 3674 308 3734 Ρ.
328 3675 368 3735 Κ.
389 3674 424 3732 F.
447 3697 475 3734 a.
497 3676 526 3734 b.
550 3695 574 3734 c.
600 3673 648 3731 ubi
669 3665 825 3750 θηρευτήρ
847 3669 911 3730 Ald.
933 3669 964 3728 S.
985 3665 1020 3724 V.
1034 3667 1069 3735 R.
1084 3668 1114 3726 d.
1134 3698 1179 3710 —
1199 3663 1238 3723 Et

104 3784 138 3841 ρο
159 3766 329 3820 constanter
350 3761 420 3819 diruit
437 3761 603 3819 Herodotus
626 3775 688 3817 cum
705 3755 849 3815 veteribus
873 3752 975 3811 Atticis
995 3751 1026 3810 ia
1054 3750 1236 3835 Τυρσηνίην,

7 3896 8 3899 ¹
103 3845 218 3928 χέρσον,
230 3835 407 3924 ’θαρσύνειν
429 3844 492 3905 otiis
505 3843 613 3918 multis,
634 3845 798 3899 constanter
813 3839 854 3896 sic
870 3837 1039 3912 scribendis,
1061 3844 1091 3896 et
1109 3837 1151 3897 sic
1165 3836 1237 3892 scri-

7 3924 8 3961 ³
104 3932 206 3990 buntur
226 3949 304 3989 nune
325 3930 440 4006 quidem
461 3928 556 3988 omnia
575 3927 643 4002 illa,
665 3925 751 3984 etism
773 3922 821 3983 ubi
842 3924 926 3982 codd.
940 3923 1108 4004 ItIssgintcr
1122 3938 1154 3978 se
1176 3919 1237 3976 dis·

105 4010 214 4090 ddent,
236 4013 324 4073 veluti
345 4014 397 4073 lx.
419 4020 475 4075 120
497 4006 745 4092 Χερσονησιτέων
767 4009 800 4072 S.
822 4007 857 4071 V.
879 4006 970 4070 Paris.
993 4003 1237 4088 Χερσονησιωτί·

107 4123 147 4162 ον
168 4101 236 4165 edd.
258 4103 341 4172 vett,
365 4101 420 4157 sed
442 4100 506 4157 cod.
527 4097 562 4159 F.
589 4092 845 4175 Χερρονησιτίωυ,
867 4093 933 4151 vide
955 4099 984 4150 et
1004 4091 1070 4150 Var.
1086 4089 1179 4148 Lectt.
1199 4089 1238 4149 ad

106 4173 1194 4249 wnmmnmnumwnuffinunn

186 4270 282 4329 I’orro
305 4264 402 4352 μόγις,
425 4269 504 4346 quod
523 4267 663 4327 salumin
684 4263 803 4329 Homeri
824 4261 993 4327 carminibus
1013 4259 1166 4335 invenitur,
1183 4261 1236 4317 At-
