2942 4900
885 197 972 251 De
1015 193 1257 254 dialecto
1297 144 1632 256 Herodotea
1673 197 1770 262 lib.
1811 197 1915 259 ΠΙ.
2400 196 2529 262 235

261 360 420 440 ὅρου
462 288 709 423 ’171.127
749 351 883 438 sqq.
935 360 1008 419 V.
1044 365 1134 421 66.
1225 359 1619 468 Θερσάνδρου
1662 363 1759 423 IV.
1806 369 1925 425 147.
1982 364 2082 423 ΙΧ.
2122 370 2209 429 16.
2299 363 2531 431 Κλεάν-

258 446 420 522 δρου
461 443 587 502 VII.
632 450 754 504 154.
854 441 1243 525 Τερσοῖνὸρου
1286 447 1384 510 VI.
1417 457 1507 508 52.
1586 441 2009 552 “Ηγησάνδρου
2050 450 2119 508 V.
2149 456 2272 512 125.
2307 452 2374 509 V.
2405 457 2527 513 137.

263 523 659 631 Περιάνδρου
701 529 803 592 ΠΙ.
832 535 922 591 49.
953 536 1042 589 51.
1079 531 1152 590 V.
1181 536 1273 607 92,
1303 536 1355 591 6.
1433 527 1815 614 Ἀρχάνδρου
1861 531 1932 593 11.
1964 537 2054 594 97.
2086 537 2175 592 98.
2235 568 2322 580 -
2386 529 2533 599 οἴνα-

259 608 494 675 στᾶτεω
539 616 754 686 antem,
797 615 953 690 quod
993 614 1039 672 Ι.
1088 619 1193 675 178
1230 618 1357 676 cod.
1406 620 1468 675 S.
1509 618 1895 695 suppeditavit
1938 637 2045 696 pro
2087 635 2225 675 vero
2270 611 2534 680 ἆναστοῖ-

255 720 404 772 του,
471 718 639 756 nemo
685 718 966 775 unquam,
1030 700 1142 757 nisi
1185 701 1355 777 plane
1398 704 1762 776 temerarius,
1824 703 1882 758 in
1939 702 2195 760 ordinem
2251 705 2531 780 recipiat3

255 782 545 858 simulque
593 783 734 840 satis
784 783 936 842 clare
976 791 1260 860 apparet,
1311 805 1485 862 quam
1535 787 1727 864 inepte
1770 785 1914 843 hanc
1965 786 2419 845 terminationem
2459 816 2534 852 εω

253 867 315 924 in
361 868 545 924 nostri
587 867 893 942 genuinam
938 870 1255 926 orationem
1293 870 1603 945 intulerint,
1646 888 1925 946 quamque
1967 869 2166 947 procul
2211 869 2284 926 ab
2331 889 2401 929 ea
2441 871 2535 929 illa

253 950 336 1008 sit
377 949 664 1014 habenda.
721 983 792 994 —
858 951 1166 1010 Praeterea
1204 973 1377 1028 quum
1411 955 1718 1015 accusativi
1749 954 1942 1012 forma
1992 954 2388 1034 Μεμβλίαρον
2428 955 2531 1018 IV.

254 1037 367 1095 147
410 1035 534 1093 sine
576 1036 854 1095 varietate
901 1037 1005 1092 sic
1025 1038 1239 1115 scripta
1283 1044 1499 1113 exstet,
1537 1043 1596 1097 et
1639 1037 1730 1095 alii
1780 1039 2204 1118 Μεμβλίαρος,
2248 1041 2533 1119 Μεμβλι-

255 1113 421 1198 ἄρου
467 1123 576 1178 etc.
617 1120 811 1177 dicere
845 1118 1000 1178 soliti
1042 1123 1160 1178 sint
1197 1119 1302 1198 (cf.
1344 1122 1515 1184 Paus.
1554 1121 1658 1197 111,
1695 1142 1753 1199 p·
1786 1126 1889 1181 159
1931 1120 2184 1202 (Sylb.))
2225 1128 2387 1199 patet
2426 1143 2533 1198 ge-

254 1203 498 1262 nitivum
549 1199 960 1284 Μεμβλιᾶρεω
1018 1203 1143 1279 (IV.
1189 1211 1292 1266 147
1332 1212 1393 1265 et
1433 1207 1566 1286 148)
1624 1206 1706 1264 sic
1751 1207 2114 1264 Herodotum
2174 1207 2359 1282 ipsum
2414 1226 2531 1264 non

253 1288 525 1365 potuisse
565 1307 817 1365 ponere,
845 1289 948 1346 sed
979 1286 1425 1369 Μεμβλιάρους
1466 1311 1534 1349 ac
1573 1306 1794 1347 summo
1837 1290 1895 1346 in
1934 1308 2129 1348 errore
2158 1290 2358 1350 Valck.
2400 1310 2531 1349 ver-

203 1381 207 1385 “
256 1376 446 1430 satum
489 1386 655 1447 esse,
699 1392 875 1449 quum
913 1393 1021 1452 pro
1064 1373 1294 1450 vulgato
1339 1376 1434 1434 illo
1482 1374 1891 1454 Μεμβλίαρον
1928 1375 2172 1450 conjecit
2209 1371 2531 1456 Μεμβλιά-

244 1455 372 1538 ·ρε“α
408 1456 836 1514 rescribendum
878 1475 1026 1515 esse.

432 1539 553 1596 Sed
609 1559 778 1616 quam
818 1542 1064 1619 turpiter
1120 1547 1421 1619 praeterea
1469 1541 1755 1602 interdum
1802 1542 1878 1601 de
1929 1541 2191 1601 littera*
2158 1563 2186 1603 ε
2226 1542 2530 1601 inserenda

242 1624 410 1700 lapsi
451 1624 568 1682 sint
621 1624 832 1682 librarii
874 1627 1336 1702 grammaticique
1376 1627 1575 1684 videre
1620 1627 1757 1686 licet
1814 1645 1885 1685 ex
1925 1626 2013 1683 his
2056 1625 2301 1702 vulgatis
2336 1626 2530 1685 verbis

254 1707 363 1786 (V.
405 1706 503 1786 35)
549 1706 614 1768 ἐκ
656 1707 945 1771 Σουσέων
985 1730 1094 1789 pro
1139 1707 1430 1784 Σούσων,
1462 1729 1610 1786 quae
1658 1711 1783 1768 sola
1827 1729 1965 1768 vera
2005 1710 2191 1766 forma
2237 1711 2294 1766 in
2338 1711 2529 1769 multis

243 1791 387 1850 ¹aliis
430 1791 571 1849 locis
605 1792 728 1850 sine
765 1794 1042 1852 varietate
1085 1795 1371 1852 invenitur
1411 1793 1510 1852 ΙΙΙ.
1556 1799 1641 1853 91.
1685 1794 1782 1856 IV.
1824 1799 1913 1852 83.
1954 1799 2043 1853 84.
2086 1794 2158 1856 V.
2198 1799 2286 1852 54.
2329 1794 2427 1852 VI.
2474 1803 2527 1854 1.

254 1879 390 1938 119.
479 1875 610 1939 Ald.
654 1877 884 1953 quidem
928 1885 986 1936 et
1019 1877 1111 1937 alii
1155 1878 1278 1937 VII.
1321 1882 1426 1938 239
1475 1874 1747 1957 Σούσῃσι
1796 1877 2190 1951 exhibuerunt,
2234 1878 2337 1934 sed
2380 1898 2530 1937 nunc

255 1960 439 2017 credo
473 1959 584 2018 hoc
624 1961 820 2018 vitium
853 1962 1196 2023 imitaturum
1235 1982 1362 2020 esse
1406 1963 1572 2020 facile
1617 1963 1915 2020 neminem.
1960 1991 2045 2005 -
2103 1960 2286 2019 Porro
2330 1981 2401 2020 ex
2440 1963 2532 2019 in-

259 2043 561 2120 eptissima
597 2045 781 2103 forma
825 2046 1173 2108 Θεσσαλὲων
1211 2047 1282 2104 V.
1313 2052 1404 2122 64,
1448 2066 1484 2104 a
1521 2047 1809 2104 nonnullis
1855 2045 2029 2102 codd.
2070 2043 2214 2103 Mss.
2262 2051 2323 2102 et
2364 2047 2525 2104 editt.

257 2127 432 2206 (edd.
479 2132 610 2186 vett.
653 2128 836 2186 Gaist'.
880 2130 985 2210 al.)
1028 2132 1286 2210 praebita
1326 2150 1433 2209 pro
1479 2149 1612 2189 vera
1652 2133 1969 2192 Θεσσαλῶν
2016 2129 2186 2187 codd.
2230 2128 2301 2186 F.
2343 2130 2407 2194 8.
2453 2130 2528 2193 V.

252 2210 477 2289 (Bekk.
530 2213 629 2289 al.)
688 2216 846 2289 cujus
901 2216 1079 2273 solius
1135 2222 1326 2274 rectae
1368 2215 1861 2290 Herodoteaeque
1913 2215 2131 2270 formae
2187 2213 2342 2272 haud
2385 2232 2529 2294 opus

254 2300 352 2352 est
390 2301 451 2352 ut
489 2296 655 2373 plura
698 2297 1009 2357 afferantur
1047 2300 1320 2378 exempla.
1363 2331 1449 2342 --—
1504 2299 1691 2358 Etiam
1728 2299 1827 2357 IV.
1862 2301 1897 2356 9
1924 2316 2033 2375 pro
2074 2297 2308 2374 vulgato
2351 2305 2532 2380 γλου-

251 2377 410 2441 τέων
453 2381 543 2438 vel
587 2383 849 2441 omnibus
885 2384 1047 2441 libris
1089 2384 1529 2442 adversantibus
1573 2384 1837 2461 equidem
1879 2384 2178 2465 γλουτων,
2219 2385 2375 2460 quod
2412 2385 2531 2442 He·

253 2466 524 2523 rodotum
564 2466 751 2542 ipsum
792 2468 882 2525 hic
921 2470 1224 2547 scripsisse
1266 2469 1400 2540 mihi
1442 2488 1781 2548 persuasum
1827 2474 1937 2541 est,
1979 2470 2183 2546 reponi
2218 2469 2415 2539 velim3
2468 2478 2530 2529 ut

246 2550 371 2625 jam
411 2549 507 2612 VI.
553 2553 622 2608 57
677 2545 949 2629 ἀλφίτων
1000 2573 1108 2632 pro
1151 2570 1429 2631 perverso
1472 2552 1688 2610 codicis
1734 2551 1806 2613 K.
1853 2546 2157 2626 ἆλφιτέων
2216 2554 2347 2629 (sed
2398 2554 2530 2611 eod.

255 2634 451 2710 capite
495 2627 766 2710 ἀλφίτων
808 2657 1008 2695 omnes
1050 2639 1174 2695 sine
1218 2636 1525 2713 varietate)
1567 2642 1627 2693 et
1668 2635 1738 2692 ΙΙ.
1776 2640 1845 2693 36
1890 2658 2009 2695 απο
2049 2640 2264 2714 πυρῶν
2308 2629 2531 2708 ζώουσι

257 2736 389 2775 cum
432 2719 602 2782 codd.
643 2720 723 2777 M.
761 2720 833 2778 F.
878 2723 942 2778 8.
983 2721 1062 2779 Κ.
1106 2740 1214 2799 pro
1257 2718 1503 2796 πυρέων
1548 2720 1720 2808 codd.
1756 2718 1832 2776 R.
1876 2719 1949 2776 V.
1993 2716 2171 2779 Paris.
2219 2719 2348 2779 Ald.
2397 2719 2527 2777 Gsf.

257 2803 335 2861 81.
392 2801 525 2878 (sed
577 2827 793 2884 πυρων
847 2808 972 2864 sine
1014 2807 1292 2863 varietate
1341 2804 1442 2866 ΠΙ.
1490 2810 1577 2863 22.
1626 2803 1721 2860 IV.
1772 2808 1861 2862 33.
1920 2802 2049 2863 VII.
2094 2784 2223 2881 187)
2268 2809 2328 2860 et
2369 2803 2413 2865 I.
2460 2806 2532 2861 94

255 2891 505 2949 πεσσῶν
548 2908 677 2946 cum
719 2890 886 2947 codd.
938 2890 1002 2948 P.
1047 2891 1116 2949 F.
1161 2909 1215 2947 8.
1261 2908 1310 2945 c.
1359 2891 1415 2952 d.
1471 2890 1706 2965 (mcciv
1748 2888 1830 2946 Μ.
1876 2886 1953 2944 Κ.
1996 2888 2070 2947 V.
2117 2886 2201 2965 b.)
2245 2908 2351 2965 pro
2398 2887 2527 2945 Ald.

257 2972 332 3032 al.
377 2971 650 3033 πεσσέων
689 2973 990 3054 (περσέων
1027 2975 1122 3054 S.)
1166 2980 1226 3032 et
1265 2972 1394 3032 VII.
1433 2978 1537 3033 191
1573 2971 1696 3033 τοῖν
1738 2971 2053 3051 ναυηγίων
2094 2991 2203 3051 pro
2248 2973 2533 3049 scriptura

256 3055 391 3113 cod·
434 3057 495 3112 S.
542 3057 883 3139 ναυηγιέων
910 3058 1123 3169 m(quod
1171 3058 1420 3117 fortasse
1471 3059 1544 3116 ad
1595 3058 1765 3115 alium
1818 3058 1985 3116 etiam
2030 3076 2285 3116 errorem
2328 3058 2533 3116 referri

254 3141 487 3241 potest)
526 3141 663 3202 etl.
707 3149 810 3227 215
854 3147 978 3205 τοῖν
1018 3145 1226 3205 ’ἵππων
1270 3163 1377 3221 pro
1419 3144 1705 3220 scriptura
1744 3143 1873 3201 cod.
1915 3142 1989 3200 Ε.
2018 3139 2291 3219 ἱππέων,
2336 3149 2394 3200 et
2427 3139 2529 3203 lx.

256 3226 330 3281 94
365 3216 570 3286 οἷστων
621 3221 749 3285 cum
801 3228 974 3286 codd.
1015 3228 1090 3286 Κ.
1131 3227 1197 3287 Ε.
1249 3228 1313 3286 S.
1370 3248 1479 3307 pro
1538 3225 1774 3285 aliorum
1828 3227 2047 3305 (Gaisf.
2090 3226 2194 3308 81.)
2248 3228 2531 3303 scriptura

254 3301 525 3385 ἆστέων,
609 3311 1078 3388 intelligentiores
1130 3313 1383 3371 editores
1437 3316 1638 3369 nostro
1684 3312 2073 3370 restituerunt.
2171 3311 2532 3385 Quamquam

255 3412 412 3469 nego
456 3398 607 3472 apud
645 3396 951 3455 Aretaeum
990 3396 1235 3475 exempli
1278 3398 1466 3472 gratia
1514 3394 1788 3476 βρυτέων
1830 3414 1935 3472 pro
1981 3386 2222 3474 βρυτων
2262 3413 2321 3471 p.
2363 3398 2418 3468 9,
2461 3399 2535 3452 23

257 3478 663 3553 corrigendum
707 3500 858 3539 esse.

428 3563 595 3623 Haec
635 3571 826 3623 autem
859 3564 1183 3625 foemininis
1211 3568 1430 3621 tantum
1460 3564 1613 3641 apud
1647 3568 1906 3625 nostrum
1939 3559 2311 3618 concedenda
2346 3558 2533 3615 forma

255 3646 318 3704 in
357 3647 487 3721 ἦῆ,
531 3669 599 3707 ex
635 3648 754 3713 ὦ
797 3655 1125 3721 extenuata,
1168 3668 1342 3725 saepe
1378 3668 1414 3706 8
1452 3647 1723 3719 librariis,
1765 3646 1998 3722 saepius
2034 3644 2202 3701 etiam
2246 3662 2281 3700 8
2318 3642 2532 3701 nostris

256 3733 612 3809 editoribuS,
653 3735 802 3792 inde'
831 3734 902 3791 ab
947 3734 1155 3792 Aldina
1199 3753 1376 3810 usque
1421 3732 1496 3788 ad
1542 3732 1911 3802 recentiores,
1956 3729 2239 3786 interdum
2287 3729 2534 3785 fortasse

253 3813 383 3875 'sine
423 3819 592 3880 codd.
645 3820 784 3881 Mss.
825 3819 1197 3893 auctoritate,
1240 3822 1301 3875 et
1340 3817 1398 3873 in
1442 3816 1753 3874 masculina
1796 3821 1854 3872 et
1893 3815 1953 3871 in
1999 3820 2202 3872 neutra
2242 3812 2533 3888 pronomi-

255 3920 397 3960 num
462 3895 665 3965 αὗτῶν
730 3910 789 3961 et
851 3898 1080 3965 τούτων
1145 3909 1234 3959 est
1296 3902 1540 3966 inducta.
1648 3900 1768 3956 Sed
1821 3893 2051 3960 τούτων
2115 3898 2171 3955 111
2221 3896 2530 3956 1118581111118

255 3994 321 4045 et
362 3993 570 4045 neutro
612 3988 739 4045 sine
781 3990 1059 4047 varietate
1103 3985 1370 4045 omnibus
1427 3986 1485 4042 in
1536 3984 1696 4042 libris
1741 3992 1933 4043 exstat
1988 3985 2037 4044 Ι.
2092 3989 2145 4041 5.
2200 3986 2250 4042 7.
2310 3984 2386 4036 16.
2442 3984 2530 4040 Ἒῦ.

255 4076 349 4130 30.
391 4076 481 4134 32.
528 4076 620 4132 36.
663 4076 752 4134 37.
799 4078 891 4132 45.
930 4078 1018 4131 54.
1063 4076 1149 4135 59.
1192 4075 1279 4131 63.
1321 4074 1409 4129 65.
1439 4075 1542 4129 -82,
1588 4074 1677 4130 87.
1718 4075 1809 4132 88.
1852 4073 1938 4128 90.
1984 4072 2070 4128 91.
2115 4071 2199 4126 94.
2250 4068 2370 4124 1116.
2430 4072 2530 4124 113

256 4154 368 4215 bis.
417 4162 542 4217 114.
581 4162 701 4216 130.
750 4163 877 4218 141.
917 4162 1041 4217 143.
1088 4155 1208 4215 155.
1253 4161 1375 4216 165.
1419 4159 1544 4215 168.
1589 4158 1711 4215 171.
1753 4158 1875 4215 177.
1921 4157 2041 4213 192.
2090 4155 2215 4230 193.
2254 4156 2374 4208 EQ.
2406 4156 2526 4208 2203.

255 4240 338 4299 ΙΙ.
387 4245 476 4300 17.
517 4248 610 4303 22.
653 4248 744 4303 25.
789 4248 877 4303 30.
921 4247 1010 4301 35.
1069 4246 1138 4300 36
1190 4242 1296 4299 bis.
1355 4245 1443 4300 40.
1490 4245 1580 4299 43.
1623 4245 1711 4300 44.
1758 4244 1845 4299 45.
1888 4243 1958 4297 46
2001 4237 2110 4299 bis.
2170 4240 2237 4300 53
2282 4236 2390 4292 his.
2442 4240 2512 4296 53
