<?xml version="1.0" encoding="UTF-8"?>
<!DOCTYPE html PUBLIC "-//W3C//DTD XHTML 1.0 Transitional//EN"
    "http://www.w3.org/TR/xhtml1/DTD/xhtml1-transitional.dtd">
<html xmlns="http://www.w3.org/1999/xhtml" xml:lang="en" lang="en">
 <head>
  <title>
</title>
<meta http-equiv="Content-Type" content="text/html;charset=utf-8" />
  <meta name='ocr-system' content='tesseract 3.04.00' />
  <meta name='ocr-capabilities' content='ocr_page ocr_carea ocr_par ocr_line ocrx_word'/>
</head>
<body>
  <div class='ocr_page' id='page_1' title='image "./quaestionumcrit02bredgoog/quaestionumcrit02bredgoog_0142.png"; bbox 0 0 2942 4900; ppageno 0'>
   <div class='ocr_carea' id='block_1_1' title="bbox 240 163 1048 238">
    <p class='ocr_par' dir='ltr' id='par_1_1' title="bbox 240 163 1048 238">
     <span class='ocr_line' id='line_1_1' title="bbox 240 163 1048 238; baseline 0.001 -9"><span class='ocrx_word' id='word_1_1' title='bbox 240 163 282 229; x_wconf 84' lang='grc'><strong>88</strong></span> <span class='ocrx_word' id='word_1_2' title='bbox 557 167 603 226; x_wconf 88' lang='lat' dir='ltr'><strong>De</strong></span> <span class='ocrx_word' id='word_1_3' title='bbox 624 167 755 238; x_wconf 68' lang='lat' dir='ltr'><strong>dialecto</strong></span> <span class='ocrx_word' id='word_1_4' title='bbox 767 167 933 229; x_wconf 82' lang='lat' dir='ltr'><strong>Herodotea</strong></span> <span class='ocrx_word' id='word_1_5' title='bbox 954 168 1048 230; x_wconf 71' lang='lat' dir='ltr'><strong>liat</strong></span> 
     </span>
    </p>
   </div>
   <div class='ocr_carea' id='block_1_2' title="bbox 174 332 1462 1003">
    <p class='ocr_par' dir='ltr' id='par_1_2' title="bbox 239 332 1462 748">
     <span class='ocr_line' id='line_1_2' title="bbox 240 332 1462 411; baseline 0 -17"><span class='ocrx_word' id='word_1_6' title='bbox 240 351 275 394; x_wconf 80' lang='lat' dir='ltr'><strong>aa</strong></span> <span class='ocrx_word' id='word_1_7' title='bbox 294 334 399 394; x_wconf 88' lang='lat' dir='ltr'><strong>rationi</strong></span> <span class='ocrx_word' id='word_1_8' title='bbox 419 338 450 392; x_wconf 88' lang='lat' dir='ltr'><strong>et</strong></span> <span class='ocrx_word' id='word_1_9' title='bbox 468 332 621 410; x_wconf 72' lang='lat' dir='ltr'><strong>analogiae</strong></span> <span class='ocrx_word' id='word_1_10' title='bbox 638 333 806 394; x_wconf 73' lang='lat' dir='ltr'>obedientes</span> <span class='ocrx_word' id='word_1_11' title='bbox 820 353 885 393; x_wconf 88' lang='lat' dir='ltr'><strong>esse</strong></span> <span class='ocrx_word' id='word_1_12' title='bbox 899 335 1051 397; x_wconf 42' lang='lat' dir='ltr'><strong>asumma</strong></span> <span class='ocrx_word' id='word_1_13' title='bbox 1079 333 1165 394; x_wconf 84' lang='lat' dir='ltr'><strong>Haec.</strong></span> <span class='ocrx_word' id='word_1_14' title='bbox 1181 334 1269 409; x_wconf 82' lang='lat' dir='ltr'><strong>ratio,</strong></span> <span class='ocrx_word' id='word_1_15' title='bbox 1290 351 1376 411; x_wconf 78' lang='lat' dir='ltr'><strong>quam</strong></span> <span class='ocrx_word' id='word_1_16' title='bbox 1461 377 1462 408; x_wconf 44' lang='grc' dir='ltr'>ι</span> 
     </span>
     <span class='ocr_line' id='line_1_3' title="bbox 239 415 1462 495; baseline 0.002 -19"><span class='ocrx_word' id='word_1_17' title='bbox 239 418 269 476; x_wconf 87' lang='lat' dir='ltr'><strong>in</strong></span> <span class='ocrx_word' id='word_1_18' title='bbox 290 416 483 495; x_wconf 76' lang='lat' dir='ltr'><strong>mperiorioas</strong></span> <span class='ocrx_word' id='word_1_19' title='bbox 502 419 561 494; x_wconf 82' lang='lat' dir='ltr'><strong>jam</strong></span> <span class='ocrx_word' id='word_1_20' title='bbox 585 418 675 477; x_wconf 86' lang='lat' dir='ltr'><strong>secuti</strong></span> <span class='ocrx_word' id='word_1_21' title='bbox 704 437 820 492; x_wconf 78' lang='lat' dir='ltr'><strong>simius,</strong></span> <span class='ocrx_word' id='word_1_22' title='bbox 845 437 865 478; x_wconf 88' lang='lat' dir='ltr'><strong>a</strong></span> <span class='ocrx_word' id='word_1_23' title='bbox 885 419 1056 478; x_wconf 84' lang='lat' dir='ltr'><strong>Godofredo</strong></span> <span class='ocrx_word' id='word_1_24' title='bbox 1076 418 1241 478; x_wconf 80' lang='lat' dir='ltr'>Hermanno</span> <span class='ocrx_word' id='word_1_25' title='bbox 1264 419 1325 495; x_wconf 87' lang='lat' dir='ltr'><strong>jam</strong></span> <span class='ocrx_word' id='word_1_26' title='bbox 1345 418 1374 478; x_wconf 88' lang='lat' dir='ltr'><strong>in</strong></span> <span class='ocrx_word' id='word_1_27' title='bbox 1461 415 1462 420; x_wconf 54' lang='lat'>&#39;</span> 
     </span>
     <span class='ocr_line' id='line_1_4' title="bbox 240 501 1377 581; baseline 0.002 -21"><span class='ocrx_word' id='word_1_28' title='bbox 240 501 420 578; x_wconf 70' lang='lat' dir='ltr'><strong>praefatione</strong></span> <span class='ocrx_word' id='word_1_29' title='bbox 436 502 474 560; x_wconf 88' lang='lat' dir='ltr'><strong>ad</strong></span> <span class='ocrx_word' id='word_1_30' title='bbox 494 502 611 561; x_wconf 83' lang='lat' dir='ltr'>Homeri</span> <span class='ocrx_word' id='word_1_31' title='bbox 629 501 791 578; x_wconf 74' lang='lat' dir='ltr'>Odyssean</span> <span class='ocrx_word' id='word_1_32' title='bbox 808 502 961 581; x_wconf 79' lang='lat' dir='ltr'>(opuscul.</span> <span class='ocrx_word' id='word_1_33' title='bbox 979 503 1033 577; x_wconf 86' lang='lat' dir='ltr'><strong>lli,</strong></span> <span class='ocrx_word' id='word_1_34' title='bbox 1055 522 1085 580; x_wconf 89' lang='lat' dir='ltr'><strong>p.</strong></span> <span class='ocrx_word' id='word_1_35' title='bbox 1106 505 1141 562; x_wconf 78' lang='lat'><strong>79</strong></span> <span class='ocrx_word' id='word_1_36' title='bbox 1162 501 1242 580; x_wconf 84' lang='lat' dir='ltr'><strong>sqq.)</strong></span> <span class='ocrx_word' id='word_1_37' title='bbox 1266 501 1326 561; x_wconf 88' lang='lat' dir='ltr'><strong>alia</strong></span> <span class='ocrx_word' id='word_1_38' title='bbox 1346 502 1377 562; x_wconf 83' lang='lat' dir='ltr'><strong>in</strong></span> 
     </span>
     <span class='ocr_line' id='line_1_5' title="bbox 241 586 1377 659; baseline 0.001 -15"><span class='ocrx_word' id='word_1_39' title='bbox 241 604 274 644; x_wconf 87' lang='lat' dir='ltr'><strong>re</strong></span> <span class='ocrx_word' id='word_1_40' title='bbox 292 590 458 659; x_wconf 84' lang='lat' dir='ltr'><strong>monstrata,</strong></span> <span class='ocrx_word' id='word_1_41' title='bbox 479 599 506 644; x_wconf 57' lang='lat' dir='ltr'><strong>a*</strong></span> <span class='ocrx_word' id='word_1_42' title='bbox 518 587 633 644; x_wconf 83' lang='lat' dir='ltr'><strong>Strnrio</strong></span> <span class='ocrx_word' id='word_1_43' title='bbox 655 606 764 645; x_wconf 86' lang='lat' dir='ltr'><strong>summo</strong></span> <span class='ocrx_word' id='word_1_44' title='bbox 785 606 848 646; x_wconf 79' lang='lat' dir='ltr'><strong>nrm</strong></span> <span class='ocrx_word' id='word_1_45' title='bbox 869 588 963 646; x_wconf 85' lang='lat' dir='ltr'><strong>fructu</strong></span> <span class='ocrx_word' id='word_1_46' title='bbox 986 587 1172 646; x_wconf 86' lang='lat' dir='ltr'><strong>Herodoteae</strong></span> <span class='ocrx_word' id='word_1_47' title='bbox 1194 586 1295 648; x_wconf 78' lang='lat' dir='ltr'><strong>critice</strong></span> <span class='ocrx_word' id='word_1_48' title='bbox 1315 591 1377 645; x_wconf 88' lang='lat' dir='ltr'><strong>tra·</strong></span> 
     </span>
     <span class='ocr_line' id='line_1_6' title="bbox 242 667 1376 748; baseline 0.004 -22"><span class='ocrx_word' id='word_1_49' title='bbox 242 670 362 727; x_wconf 84' lang='lat' dir='ltr'><strong>ctandse</strong></span> <span class='ocrx_word' id='word_1_50' title='bbox 377 670 500 728; x_wconf 82' lang='lat' dir='ltr'><strong>emtioni</strong></span> <span class='ocrx_word' id='word_1_51' title='bbox 513 670 641 728; x_wconf 76' lang='lat' dir='ltr'><strong>adhibita</strong></span> <span class='ocrx_word' id='word_1_52' title='bbox 653 667 714 739; x_wconf 57' lang='grc' dir='ltr'><strong>ἕεις</strong></span> <span class='ocrx_word' id='word_1_53' title='bbox 734 691 819 747; x_wconf 88' lang='lat' dir='ltr'><strong>quam</strong></span> <span class='ocrx_word' id='word_1_54' title='bbox 840 672 1015 732; x_wconf 68' lang='lat' dir='ltr'><strong>utilissimam</strong></span> <span class='ocrx_word' id='word_1_55' title='bbox 1037 675 1136 730; x_wconf 86' lang='lat' dir='ltr'><strong>nostro</strong></span> <span class='ocrx_word' id='word_1_56' title='bbox 1154 676 1287 729; x_wconf 82' lang='lat' dir='ltr'><strong>navatam</strong></span> <span class='ocrx_word' id='word_1_57' title='bbox 1305 690 1376 748; x_wconf 72' lang='lat' dir='ltr'><strong>ope</strong></span> 
     </span>
    </p>

    <p class='ocr_par' dir='ltr' id='par_1_3' title="bbox 174 752 1379 1003">
     <span class='ocr_line' id='line_1_7' title="bbox 174 752 1378 855; baseline 0.002 -44"><span class='ocrx_word' id='word_1_58' title='bbox 174 768 177 774; x_wconf 83' lang='lat'>·</span> <span class='ocrx_word' id='word_1_59' title='bbox 241 772 302 811; x_wconf 79' lang='lat' dir='ltr'><strong>ram</strong></span> <span class='ocrx_word' id='word_1_60' title='bbox 316 773 353 813; x_wconf 91' lang='lat' dir='ltr'><strong>ne</strong></span> <span class='ocrx_word' id='word_1_61' title='bbox 364 752 497 812; x_wconf 79' lang='lat' dir='ltr'><strong>Stnrvius</strong></span> <span class='ocrx_word' id='word_1_62' title='bbox 518 755 708 829; x_wconf 57' lang='lat' dir='ltr'><strong>condonaret,</strong></span> <span class='ocrx_word' id='word_1_63' title='bbox 728 763 822 814; x_wconf 84' lang='lat' dir='ltr'><strong>morte</strong></span> <span class='ocrx_word' id='word_1_64' title='bbox 839 763 886 815; x_wconf 85' lang='lat' dir='ltr'><strong>est</strong></span> <span class='ocrx_word' id='word_1_65' title='bbox 893 756 1065 855; x_wconf 84' lang='lat' dir='ltr'><strong>prohibitus</strong></span> <span class='ocrx_word' id='word_1_66' title='bbox 1107 753 1182 815; x_wconf 83' lang='lat' dir='ltr'><strong>Nam</strong></span> <span class='ocrx_word' id='word_1_67' title='bbox 1197 755 1254 818; x_wconf 81' lang='lat' dir='ltr'><strong>tria</strong></span> <span class='ocrx_word' id='word_1_68' title='bbox 1267 760 1378 814; x_wconf 88' lang='lat' dir='ltr'><strong>tantum</strong></span> 
     </span>
     <span class='ocr_line' id='line_1_8' title="bbox 242 838 1380 938; baseline 0.002 -44"><span class='ocrx_word' id='word_1_69' title='bbox 242 838 439 914; x_wconf 66' lang='lat' dir='ltr'><strong>quaestionum</strong></span> <span class='ocrx_word' id='word_1_70' title='bbox 459 840 496 897; x_wconf 88' lang='lat' dir='ltr'><strong>de</strong></span> <span class='ocrx_word' id='word_1_71' title='bbox 516 838 640 897; x_wconf 84' lang='lat' dir='ltr'><strong>dialecto</strong></span> <span class='ocrx_word' id='word_1_72' title='bbox 656 838 803 898; x_wconf 79' lang='lat' dir='ltr'><strong>Herodoti</strong></span> <span class='ocrx_word' id='word_1_73' title='bbox 822 843 978 919; x_wconf 70' lang='lat' dir='ltr'><strong>specimina</strong></span> <span class='ocrx_word' id='word_1_74' title='bbox 999 841 1147 913; x_wconf 72' lang='lat' dir='ltr'><strong>ediderat,</strong></span> <span class='ocrx_word' id='word_1_75' title='bbox 1169 839 1207 898; x_wconf 85' lang='lat' dir='ltr'><strong>‹le</strong></span> <span class='ocrx_word' id='word_1_76' title='bbox 1227 840 1380 938; x_wconf 83' lang='lat' dir='ltr'><strong>pronomi-</strong></span> 
     </span>
     <span class='ocr_line' id='line_1_9' title="bbox 241 915 1379 1003; baseline 0.001 -23"><span class='ocrx_word' id='word_1_77' title='bbox 241 915 366 980; x_wconf 83' lang='lat' dir='ltr'><strong>nibus‘&#39;</strong></span> <span class='ocrx_word' id='word_1_78' title='bbox 346 939 429 995; x_wconf 78' lang='grc' dir='ltr'>οσιις</span> <span class='ocrx_word' id='word_1_79' title='bbox 448 917 522 981; x_wconf 80' lang='lat' dir='ltr'><strong>et‘&#39;</strong></span> <span class='ocrx_word' id='word_1_80' title='bbox 502 946 538 995; x_wconf 82' lang='grc' dir='ltr'><strong>ος</strong></span> <span class='ocrx_word' id='word_1_81' title='bbox 557 922 683 1000; x_wconf 85' lang='lat' dir='ltr'><strong>(Regim</strong></span> <span class='ocrx_word' id='word_1_82' title='bbox 705 924 805 1003; x_wconf 71' lang='lat'>1828),</span> <span class='ocrx_word' id='word_1_83' title='bbox 835 926 872 983; x_wconf 89' lang='lat' dir='ltr'><strong>de</strong></span> <span class='ocrx_word' id='word_1_84' title='bbox 893 926 1083 984; x_wconf 78' lang='lat' dir='ltr'><strong>declinatione</strong></span> <span class='ocrx_word' id='word_1_85' title='bbox 1108 924 1251 984; x_wconf 71' lang='lat' dir='ltr'><strong>murinum</strong></span> <span class='ocrx_word' id='word_1_86' title='bbox 1275 924 1305 982; x_wconf 91' lang='lat' dir='ltr'><strong>in</strong></span> <span class='ocrx_word' id='word_1_87' title='bbox 1326 948 1379 997; x_wconf 78' lang='grc' dir='ltr'><strong>ευς</strong></span> 
     </span>
    </p>
   </div>
   <div class='ocr_carea' id='block_1_3' title="bbox 241 1003 1378 1149">
    <p class='ocr_par' dir='ltr' id='par_1_4' title="bbox 241 1003 1378 1148">
     <span class='ocr_line' id='line_1_10' title="bbox 241 1003 1378 1147; baseline 0.006 -83"><span class='ocrx_word' id='word_1_88' title='bbox 241 1006 403 1147; x_wconf 51' lang='lat' dir='ltr'><strong>{¹⁶le</strong></span> <span class='ocrx_word' id='word_1_89' title='bbox 430 1003 556 1085; x_wconf 80' lang='lat' dir='ltr'><strong>(Regim.</strong></span> <span class='ocrx_word' id='word_1_90' title='bbox 579 1008 661 1085; x_wconf 71' lang='lat'>1829)</span> <span class='ocrx_word' id='word_1_91' title='bbox 690 1015 720 1067; x_wconf 91' lang='lat' dir='ltr'><strong>et</strong></span> <span class='ocrx_word' id='word_1_92' title='bbox 746 1010 785 1069; x_wconf 91' lang='lat' dir='ltr'><strong>de</strong></span> <span class='ocrx_word' id='word_1_93' title='bbox 812 1007 1017 1090; x_wconf 76' lang='lat' dir='ltr'><strong>orthographia</strong></span> <span class='ocrx_word' id='word_1_94' title='bbox 1045 1008 1175 1068; x_wconf 80' lang='lat' dir='ltr'><strong>vocabuli</strong></span> <span class='ocrx_word' id='word_1_95' title='bbox 1201 1003 1319 1089; x_wconf 74' lang='grc' dir='ltr'><strong>θῶυμα</strong></span> <span class='ocrx_word' id='word_1_96' title='bbox 1348 1015 1378 1072; x_wconf 83' lang='lat' dir='ltr'><strong>el</strong></span> 
     </span>
     <span class='ocr_line' id='line_1_11' title="bbox 263 1108 441 1149; baseline 0 -1"><span class='ocrx_word' id='word_1_97' title='bbox 263 1108 339 1148; x_wconf 73' lang='lat' dir='ltr'><strong>eruca</strong></span> <span class='ocrx_word' id='word_1_98' title='bbox 353 1108 441 1149; x_wconf 89' lang='lat' dir='ltr'><strong>orum.</strong></span> 
     </span>
    </p>
   </div>
   <div class='ocr_carea' id='block_1_4' title="bbox 148 1173 1379 1677">
    <p class='ocr_par' dir='ltr' id='par_1_5' title="bbox 324 1173 1377 1275">
     <span class='ocr_line' id='line_1_12' title="bbox 324 1173 1377 1275; baseline 0.004 -43"><span class='ocrx_word' id='word_1_99' title='bbox 324 1173 390 1233; x_wconf 87' lang='lat' dir='ltr'><strong>Hac</strong></span> <span class='ocrx_word' id='word_1_100' title='bbox 409 1175 497 1252; x_wconf 83' lang='lat' dir='ltr'><strong>igitur</strong></span> <span class='ocrx_word' id='word_1_101' title='bbox 519 1176 567 1233; x_wconf 84' lang='lat' dir='ltr'><strong>via</strong></span> <span class='ocrx_word' id='word_1_102' title='bbox 586 1177 800 1275; x_wconf 77' lang='lat' dir='ltr'><strong>procedendum</strong></span> <span class='ocrx_word' id='word_1_103' title='bbox 821 1175 887 1235; x_wconf 90' lang='lat' dir='ltr'><strong>mihi</strong></span> <span class='ocrx_word' id='word_1_104' title='bbox 910 1181 990 1253; x_wconf 85' lang='lat' dir='ltr'><strong>es&#39;se,</strong></span> <span class='ocrx_word' id='word_1_105' title='bbox 1014 1198 1068 1256; x_wconf 83' lang='lat' dir='ltr'><strong>pro</strong></span> <span class='ocrx_word' id='word_1_106' title='bbox 1090 1181 1170 1236; x_wconf 83' lang='lat' dir='ltr'><strong>certo</strong></span> <span class='ocrx_word' id='word_1_107' title='bbox 1191 1175 1302 1248; x_wconf 81' lang='lat' dir='ltr'><strong>habe03</strong></span> <span class='ocrx_word' id='word_1_108' title='bbox 1324 1178 1377 1236; x_wconf 84' lang='lat' dir='ltr'><strong>sed</strong></span> 
     </span>
    </p>

    <p class='ocr_par' dir='ltr' id='par_1_6' title="bbox 148 1260 1377 1424">
     <span class='ocr_line' id='line_1_13' title="bbox 148 1260 1377 1341; baseline 0.006 -27"><span class='ocrx_word' id='word_1_109' title='bbox 148 1293 151 1298; x_wconf 65' lang='lat'><em>‹</em></span> <span class='ocrx_word' id='word_1_110' title='bbox 241 1275 279 1315; x_wconf 91' lang='lat' dir='ltr'><strong>ne</strong></span> <span class='ocrx_word' id='word_1_111' title='bbox 301 1274 416 1336; x_wconf 86' lang='lat' dir='ltr'><strong>semper</strong></span> <span class='ocrx_word' id='word_1_112' title='bbox 436 1260 594 1337; x_wconf 86' lang='lat' dir='ltr'><strong>repetenda</strong></span> <span class='ocrx_word' id='word_1_113' title='bbox 615 1261 688 1335; x_wconf 82' lang='lat' dir='ltr'><strong>aiut,</strong></span> <span class='ocrx_word' id='word_1_114' title='bbox 712 1279 787 1338; x_wconf 87' lang='lat' dir='ltr'><strong>qnae</strong></span> <span class='ocrx_word' id='word_1_115' title='bbox 809 1262 867 1338; x_wconf 86' lang='lat' dir='ltr'><strong>jam</strong></span> <span class='ocrx_word' id='word_1_116' title='bbox 892 1281 946 1341; x_wconf 89' lang='lat' dir='ltr'><strong>pro</strong></span> <span class='ocrx_word' id='word_1_117' title='bbox 973 1261 1127 1341; x_wconf 80' lang='lat' dir='ltr'><strong>exploratis</strong></span> <span class='ocrx_word' id='word_1_118' title='bbox 1151 1260 1285 1321; x_wconf 83' lang='lat' dir='ltr'><strong>habenda</strong></span> <span class='ocrx_word' id='word_1_119' title='bbox 1312 1280 1377 1321; x_wconf 84' lang='lat' dir='ltr'><strong>esse</strong></span> 
     </span>
     <span class='ocr_line' id='line_1_14' title="bbox 240 1341 1378 1424; baseline 0.005 -28"><span class='ocrx_word' id='word_1_120' title='bbox 240 1341 386 1417; x_wconf 85' lang='lat' dir='ltr'><strong>videntur,</strong></span> <span class='ocrx_word' id='word_1_121' title='bbox 406 1347 436 1401; x_wconf 88' lang='lat' dir='ltr'><strong>et</strong></span> <span class='ocrx_word' id='word_1_122' title='bbox 453 1361 528 1419; x_wconf 84' lang='lat' dir='ltr'><strong>qnae</strong></span> <span class='ocrx_word' id='word_1_123' title='bbox 546 1343 604 1420; x_wconf 87' lang='lat' dir='ltr'><strong>jam</strong></span> <span class='ocrx_word' id='word_1_124' title='bbox 626 1345 655 1402; x_wconf 91' lang='lat' dir='ltr'><strong>in</strong></span> <span class='ocrx_word' id='word_1_125' title='bbox 676 1346 803 1404; x_wconf 86' lang='lat' dir='ltr'><strong>editione</strong></span> <span class='ocrx_word' id='word_1_126' title='bbox 822 1363 846 1404; x_wconf 91' lang='lat' dir='ltr'><strong>a</strong></span> <span class='ocrx_word' id='word_1_127' title='bbox 861 1365 893 1405; x_wconf 88' lang='lat' dir='ltr'><strong>re</strong></span> <span class='ocrx_word' id='word_1_128' title='bbox 914 1348 1014 1406; x_wconf 72' lang='lat' dir='ltr'><strong>eutius</strong></span> <span class='ocrx_word' id='word_1_129' title='bbox 1033 1347 1152 1424; x_wconf 86' lang='lat' dir='ltr'><strong>optima,</strong></span> <span class='ocrx_word' id='word_1_130' title='bbox 1174 1349 1206 1404; x_wconf 91' lang='lat' dir='ltr'><strong>ut</strong></span> <span class='ocrx_word' id='word_1_131' title='bbox 1220 1363 1298 1406; x_wconf 86' lang='lat' dir='ltr'><strong>nunc</strong></span> <span class='ocrx_word' id='word_1_132' title='bbox 1313 1347 1378 1423; x_wconf 90' lang='lat' dir='ltr'><strong>qui-</strong></span> 
     </span>
    </p>

    <p class='ocr_par' dir='ltr' id='par_1_7' title="bbox 241 1425 1379 1590">
     <span class='ocr_line' id='line_1_15' title="bbox 241 1425 1379 1504; baseline 0.005 -21"><span class='ocrx_word' id='word_1_133' title='bbox 241 1425 308 1484; x_wconf 85' lang='lat' dir='ltr'><strong>dem</strong></span> <span class='ocrx_word' id='word_1_134' title='bbox 334 1431 401 1484; x_wconf 89' lang='lat' dir='ltr'><strong>sont</strong></span> <span class='ocrx_word' id='word_1_135' title='bbox 421 1427 565 1485; x_wconf 78' lang='lat' dir='ltr'><strong>editiones</strong></span> <span class='ocrx_word' id='word_1_136' title='bbox 585 1427 785 1502; x_wconf 84' lang='lat' dir='ltr'><strong>Herodoteae,</strong></span> <span class='ocrx_word' id='word_1_137' title='bbox 809 1430 1018 1490; x_wconf 78' lang='lat' dir='ltr'><strong>Bekkerianam</strong></span> <span class='ocrx_word' id='word_1_138' title='bbox 1039 1432 1121 1504; x_wconf 83' lang='lat' dir='ltr'><strong>dieo,</strong></span> <span class='ocrx_word' id='word_1_139' title='bbox 1150 1429 1310 1489; x_wconf 70' lang='lat' dir='ltr'><strong>rectissime</strong></span> <span class='ocrx_word' id='word_1_140' title='bbox 1330 1450 1379 1489; x_wconf 84' lang='lat' dir='ltr'><strong>re-</strong></span> 
     </span>
     <span class='ocr_line' id='line_1_16' title="bbox 241 1509 1378 1591; baseline 0.006 -25"><span class='ocrx_word' id='word_1_141' title='bbox 241 1509 342 1567; x_wconf 88' lang='lat' dir='ltr'><strong>stituta</strong></span> <span class='ocrx_word' id='word_1_142' title='bbox 359 1516 443 1584; x_wconf 84' lang='lat' dir='ltr'><strong>sunt,</strong></span> <span class='ocrx_word' id='word_1_143' title='bbox 471 1509 526 1570; x_wconf 85' lang='lat' dir='ltr'><strong>hac</strong></span> <span class='ocrx_word' id='word_1_144' title='bbox 547 1513 674 1573; x_wconf 87' lang='lat' dir='ltr'><strong>editione</strong></span> <span class='ocrx_word' id='word_1_145' title='bbox 695 1515 819 1591; x_wconf 87' lang='lat' dir='ltr'><strong>innitar,</strong></span> <span class='ocrx_word' id='word_1_146' title='bbox 846 1521 877 1575; x_wconf 90' lang='lat' dir='ltr'><strong>et</strong></span> <span class='ocrx_word' id='word_1_147' title='bbox 902 1535 936 1575; x_wconf 82' lang='lat' dir='ltr'><strong>en</strong></span> <span class='ocrx_word' id='word_1_148' title='bbox 958 1535 1077 1575; x_wconf 83' lang='lat' dir='ltr'><strong>numero</strong></span> <span class='ocrx_word' id='word_1_149' title='bbox 1098 1514 1235 1574; x_wconf 86' lang='lat' dir='ltr'><strong>contrarii</strong></span> <span class='ocrx_word' id='word_1_150' title='bbox 1261 1515 1378 1590; x_wconf 82' lang='lat' dir='ltr'><strong>generis</strong></span> 
     </span>
    </p>

    <p class='ocr_par' dir='ltr' id='par_1_8' title="bbox 242 1591 1379 1677">
     <span class='ocr_line' id='line_1_17' title="bbox 242 1591 1379 1677; baseline 0.007 -28"><span class='ocrx_word' id='word_1_151' title='bbox 242 1591 279 1649; x_wconf 82' lang='lat' dir='ltr'><strong>ad</strong></span> <span class='ocrx_word' id='word_1_152' title='bbox 300 1591 531 1653; x_wconf 81' lang='lat' dir='ltr'><strong>Gaisiordianam</strong></span> <span class='ocrx_word' id='word_1_153' title='bbox 550 1591 729 1673; x_wconf 83' lang='lat' dir='ltr'><strong>potissimum</strong></span> <span class='ocrx_word' id='word_1_154' title='bbox 757 1600 916 1677; x_wconf 83' lang='lat' dir='ltr'><strong>respiciam.</strong></span> <span class='ocrx_word' id='word_1_155' title='bbox 968 1600 1020 1659; x_wconf 86' lang='lat' dir='ltr'><strong>Illa</strong></span> <span class='ocrx_word' id='word_1_156' title='bbox 1045 1599 1119 1659; x_wconf 89' lang='lat' dir='ltr'><strong>enim</strong></span> <span class='ocrx_word' id='word_1_157' title='bbox 1142 1598 1251 1674; x_wconf 86' lang='lat' dir='ltr'><strong>editio,</strong></span> <span class='ocrx_word' id='word_1_158' title='bbox 1279 1617 1379 1675; x_wconf 84' lang='lat' dir='ltr'><strong>quam·</strong></span> 
     </span>
    </p>
   </div>
   <div class='ocr_carea' id='block_1_5' title="bbox 240 1679 1382 1949">
    <p class='ocr_par' dir='ltr' id='par_1_9' title="bbox 240 1679 1382 1932">
     <span class='ocr_line' id='line_1_18' title="bbox 241 1679 1379 1761; baseline 0.008 -28"><span class='ocrx_word' id='word_1_159' title='bbox 241 1694 328 1752; x_wconf 89' lang='lat' dir='ltr'><strong>quam</strong></span> <span class='ocrx_word' id='word_1_160' title='bbox 346 1679 531 1756; x_wconf 86' lang='lat' dir='ltr'><strong>permulta</strong></span> <span class='ocrx_word' id='word_1_161' title='bbox 505 1699 532 1737; x_wconf 81' lang='lat' dir='ltr'><strong>er</strong></span> <span class='ocrx_word' id='word_1_162' title='bbox 553 1681 659 1758; x_wconf 83' lang='lat' dir='ltr'><strong>insunt,</strong></span> <span class='ocrx_word' id='word_1_163' title='bbox 676 1701 752 1760; x_wconf 85' lang='lat' dir='ltr'><strong>quae</strong></span> <span class='ocrx_word' id='word_1_164' title='bbox 769 1702 874 1743; x_wconf 79' lang='lat' dir='ltr'><strong>vereor</strong></span> <span class='ocrx_word' id='word_1_165' title='bbox 893 1691 926 1743; x_wconf 89' lang='lat' dir='ltr'><strong>ut</strong></span> <span class='ocrx_word' id='word_1_166' title='bbox 946 1684 1076 1743; x_wconf 84' lang='lat' dir='ltr'><strong>omnibns</strong></span> <span class='ocrx_word' id='word_1_167' title='bbox 1095 1683 1265 1761; x_wconf 88' lang='lat' dir='ltr'><strong>probentur,</strong></span> <span class='ocrx_word' id='word_1_168' title='bbox 1283 1690 1379 1744; x_wconf 88' lang='lat' dir='ltr'><strong>tamen</strong></span> 
     </span>
     <span class='ocr_line' id='line_1_19' title="bbox 240 1760 1380 1846; baseline 0.008 -29"><span class='ocrx_word' id='word_1_169' title='bbox 240 1760 333 1837; x_wconf 88' lang='lat' dir='ltr'><strong>prima</strong></span> <span class='ocrx_word' id='word_1_170' title='bbox 354 1765 532 1838; x_wconf 89' lang='lat' dir='ltr'><strong>quorundam</strong></span> <span class='ocrx_word' id='word_1_171' title='bbox 550 1766 700 1826; x_wconf 80' lang='lat' dir='ltr'><strong>verborum</strong></span> <span class='ocrx_word' id='word_1_172' title='bbox 722 1769 912 1827; x_wconf 86' lang='lat' dir='ltr'><strong>constantiam</strong></span> <span class='ocrx_word' id='word_1_173' title='bbox 934 1770 1086 1846; x_wconf 84' lang='lat' dir='ltr'><strong>quandam,</strong></span> <span class='ocrx_word' id='word_1_174' title='bbox 1106 1784 1125 1825; x_wconf 87' lang='lat' dir='ltr'><strong>a</strong></span> <span class='ocrx_word' id='word_1_175' title='bbox 1147 1767 1264 1824; x_wconf 86' lang='lat' dir='ltr'><strong>Struvio</strong></span> <span class='ocrx_word' id='word_1_176' title='bbox 1285 1768 1380 1844; x_wconf 85' lang='lat' dir='ltr'><strong>potis·</strong></span> 
     </span>
     <span class='ocr_line' id='line_1_20' title="bbox 242 1843 1382 1949; baseline 0.01 -49"><span class='ocrx_word' id='word_1_177' title='bbox 242 1843 343 1903; x_wconf 92' lang='lat' dir='ltr'><strong>simum</strong></span> <span class='ocrx_word' id='word_1_178' title='bbox 360 1847 420 1921; x_wconf 88' lang='lat' dir='ltr'><strong>jam</strong></span> <span class='ocrx_word' id='word_1_179' title='bbox 441 1857 508 1907; x_wconf 87' lang='lat' dir='ltr'><strong>ante</strong></span> <span class='ocrx_word' id='word_1_180' title='bbox 529 1849 771 1949; x_wconf 76' lang='lat' dir='ltr'><strong>demonstratam,</strong></span> <span class='ocrx_word' id='word_1_181' title='bbox 799 1863 951 1932; x_wconf 79' lang='lat' dir='ltr'><strong>persecuta</strong></span> <span class='ocrx_word' id='word_1_182' title='bbox 972 1860 1038 1928; x_wconf 77' lang='lat' dir='ltr'><strong>eat,</strong></span> <span class='ocrx_word' id='word_1_183' title='bbox 1061 1872 1148 1930; x_wconf 79' lang='lat' dir='ltr'><strong>quum</strong></span> <span class='ocrx_word' id='word_1_184' title='bbox 1170 1852 1239 1910; x_wconf 79' lang='lat' dir='ltr'><strong>haee</strong></span> <span class='ocrx_word' id='word_1_185' title='bbox 1260 1853 1382 1928; x_wconf 84' lang='lat' dir='ltr'><strong>saepius</strong></span> 
     </span>
    </p>
   </div>
   <div class='ocr_carea' id='block_1_6' title="bbox 242 1928 1382 2078">
    <p class='ocr_par' dir='ltr' id='par_1_10' title="bbox 242 1928 1382 2078">
     <span class='ocr_line' id='line_1_21' title="bbox 242 1928 1382 2078; baseline 0.011 -93"><span class='ocrx_word' id='word_1_186' title='bbox 242 1928 328 1987; x_wconf 83' lang='lat' dir='ltr'><strong>etiam</strong></span> <span class='ocrx_word' id='word_1_187' title='bbox 348 1930 580 2078; x_wconf 66' lang='lat' dir='ltr'><strong>epilocationes</strong></span> <span class='ocrx_word' id='word_1_188' title='bbox 571 1954 651 2013; x_wconf 79' lang='lat' dir='ltr'><strong>ipsas</strong></span> <span class='ocrx_word' id='word_1_189' title='bbox 670 1938 799 1997; x_wconf 86' lang='lat' dir='ltr'><strong>codicum</strong></span> <span class='ocrx_word' id='word_1_190' title='bbox 820 1936 866 1997; x_wconf 82' lang='lat' dir='ltr'><strong>rel</strong></span> <span class='ocrx_word' id='word_1_191' title='bbox 888 1937 1068 2015; x_wconf 79' lang='lat' dir='ltr'><strong>negligenter</strong></span> <span class='ocrx_word' id='word_1_192' title='bbox 1090 1935 1217 1996; x_wconf 81' lang='lat' dir='ltr'><strong>tractarit</strong></span> <span class='ocrx_word' id='word_1_193' title='bbox 1230 1936 1276 1994; x_wconf 85' lang='lat' dir='ltr'><strong>vel</strong></span> <span class='ocrx_word' id='word_1_194' title='bbox 1291 1935 1382 2015; x_wconf 83' lang='lat' dir='ltr'><strong>plane</strong></span> 
     </span>
     <span class='ocr_line' id='line_1_22' title="bbox 242 2012 358 2073; baseline 0.017 -3"><span class='ocrx_word' id='word_1_195' title='bbox 242 2012 358 2073; x_wconf 82' lang='lat' dir='ltr'><strong>omiserr</strong></span> 
     </span>
    </p>
   </div>
   <div class='ocr_carea' id='block_1_7' title="bbox 0 0 1484 4900">
    <p class='ocr_par' dir='ltr' id='par_1_11' title="bbox 0 0 1484 4900">
     <span class='ocr_line' id='line_1_23' title="bbox 0 0 1484 4900; baseline 0 0"><span class='ocrx_word' id='word_1_196' title='bbox 0 0 1484 4900; x_wconf 95' lang='lat' dir='ltr'><strong> </strong></span> 
     </span>
    </p>
   </div>
  </div>
 </body>
</html>
