2942 4900
853 208 949 270 ne
991 209 1239 271 dialecto
1281 210 1619 272 Herodotea
1658 212 1758 278 m».
1801 186 1902 278 111.
2235 192 2257 290 J
2406 214 2534 283 225

228 379 569 444 nominibus
610 379 878 438 flectendi
921 379 1069 442 ratio
1113 378 1352 438 confusa
1385 381 1486 456 sit,
1529 381 1867 458 praesertim
1911 400 2080 459 quum
2125 390 2183 443 et
2216 387 2388 446 dativi
2417 397 2537 450 ter-

234 464 589 527 minutiones
609 488 666 545 -31
709 464 830 542 (ηι)
864 470 922 522 et
958 472 1016 523 εἲ
1052 465 1254 523 mirum
1285 472 1559 541 quantum
1596 467 1710 524 sint
1751 465 2001 541 similes,
2042 474 2106 526 nt
2140 470 2249 528 soli
2289 475 2532 533 vocativi

232 558 464 610 restare
527 549 867 622 videantur,
927 547 1080 607 unde
1133 549 1349 608 firmius
1399 551 1535 626 quid
1583 550 1842 608 concludi
1883 553 2091 629 possit.
2175 555 2345 631 Nego
2383 557 2533 615 enim

234 636 615 696 Herodoteae
657 634 936 692 orationis
980 633 1148 690 talem
1189 633 1577 708 heterociisin,
1622 635 1803 710 qualis
1845 641 1940 692 est
1970 639 2346 714 Στρεψίαδες
2378 642 2532 705 (Ari-

216 715 434 798 ‘stoph.
479 718 635 778 Nub.
679 721 843 794 1208)
896 717 1276 796 Τισσαφέρνη
1316 717 1606 796 (Xenoph.
1648 719 1833 776 Anab-
1875 718 1952 777 II.
1999 728 2055 794 5,
2097 723 2183 799 3.)
2240 726 2528 801 propriam

235 807 464 875 suisse3
507 809 608 861 aut
647 802 887 859 aliorum
928 821 1087 859 usum
1135 804 1291 860 omni
1337 823 1407 861 ex
1448 809 1613 880 parte
1658 817 1814 861 recte
1848 805 1919 860 ad
1963 805 2357 866 Herodoteam
2398 828 2529 866 ora-

233 891 454 947 tionem
487 888 798 951 ,transferri
833 905 1030 964 posse,
1089 889 1427 964 praesertim
1474 906 1647 964 quum
1690 887 1861 947 etiam
1902 889 2222 966 antiquiore
2265 898 2527 970 tempore

235 974 473 1032 Atticos
512 992 626 1030 non
664 971 846 1029 solum
886 971 944 1028 in
996 973 1068 1048 ἦ,
1133 971 1237 1029 sed
1279 974 1451 1031 etiam
1494 973 1550 1029 in
1593 971 1669 1044 ’νῖν
1710 973 2083 1030 accusativum
2128 976 2337 1052 singul.
2381 996 2530 1052 quo·

234 1058 484 1117 tundam
528 1056 815 1115 nominum
857 1055 1060 1113 tertiae
1101 1056 1496 1114 declinationis
1538 1058 1875 1116 terminasse
1915 1065 2108 1115 notum
2152 1061 2245 1133 sit,
2288 1067 2349 1118 et
2386 1062 2529 1118 hanc

236 1142 714 1202 consuetudinem
757 1139 1018 1216 quotidie
1059 1142 1241 1216 magis
1292 1140 1596 1199 invaluisse
1657 1140 1762 1218 (cf.
1813 1141 2093 1218 Interppr.
2139 1143 2282 1205 Plat.
2326 1145 2527 1222 Symp-

233 1248 297 1305 p.
340 1232 466 1285 185.
510 1225 578 1282 C.
613 1229 674 1282 et
715 1244 773 1302 p.
821 1229 924 1284 189
955 1226 1020 1282 A.
1079 1222 1342 1302 Poppon.
1382 1225 1458 1282 ad
1498 1224 1763 1301 Thucyd.
1807 1225 1916 1282 ΙΙΙ.
1957 1228 2105 1304 107).
2193 1228 2380 1286 Etiam
2398 1236 2527 1286 tra-

236 1311 393 1368 didit
437 1308 881 1367 Choeroboscus
924 1312 1327 1384 grammaticus
1371 1310 1428 1366 in
1470 1309 1656 1368 Bekk.
1707 1309 1924 1367 Anecd.
1967 1329 2023 1386 p.
2064 1316 2222 1372 1190.
2314 1320 2529 1391 Δημο-

240 1393 502 1472 σθένην,
539 1385 1008 1473 Ἀριστοφάνην,
1055 1386 1519 1471 ὦΔημοσθένη,
1557 1384 1611 1453 οἷ
1642 1386 2054 1473 Ἀριστοφάνη
2096 1395 2313 1454 Atticas
2353 1397 2530 1456 fuisse
2618 1424 2626 1436 ·

239 1482 491 1554 formas,
556 1478 708 1534 unde
769 1483 827 1534 et
872 1477 1280 1554 Δημοσθένου
1341 1477 1452 1534 alia
1510 1477 1900 1553 hujuscemodi
1946 1497 2017 1536 ex
2056 1479 2299 1537 Aeolum
2344 1500 2528 1559 more,

238 1580 583 1642 quamquam
649 1561 1103 1638 vituperantibus
1167 1562 1545 1636 grammaticis
1612 1561 1713 1638 (cs.
1758 1561 1943 1619 Bekk.
2001 1561 2218 1623 Anecd.
2259 1584 2340 1643 p:—
2367 1564 2530 1643 1270)

239 1654 533 1724 usurpata·
559 1646 738 1702 fuisse
782 1647 1047 1703 videntur
1091 1646 1167 1707 cf.
1209 1645 1457 1721 Etymol.
1498 1647 1654 1720 Mag.
1694 1665 1751 1721 p.
1789 1652 1911 1709 152.
1963 1647 2151 1706 Maitt.
2187 1645 2307 1723 (ed.
2328 1649 2531 1726 Sturz)

239 1752 300 1811 p.
344 1737 434 1790 34.
483 1763 558 1775 —
621 1729 752 1797 Quo
814 1735 874 1786 et
916 1731 1131 1788 referas
1174 1731 1267 1805 id,
1325 1731 1483 1806 quod
1532 1731 1812 1806 quaedam
1851 1731 2084 1790 nomina
2126 1736 2186 1789 et
2223 1735 2533 1810 peregrina

238 1823 304 1876 et
351 1815 610 1890 Graeca,
675 1832 822 1890 qnae
866 1816 1018 1889 apud
1059 1821 1312 1872 nostrum
1362 1815 1587 1871 tertiam
1630 1820 1830 1870 secuta
1872 1831 2001 1873 esse
2050 1815 2315 1873 videntur
2353 1818 2533 1875 d'ecli-

238 1901 571 1973 nationem,
629 1900 782 1976 apud
827 1897 1006 1975 alioS,
1068 1899 1310 1957 maxime
1351 1900 1505 1975 apud
1546 1899 1899 1974 posteriores
1941 1899 2252 1957 secundum
2293 1901 2533 1977 primam
2644 1953 2654 1960 .

243 1991 307 2043 et
344 1983 628 2059 vulgarem
675 1990 733 2040 et
773 1983 1035 2042 Doricam
1077 1985 1225 2042 flexa
1267 1989 1574 2040 cernuntur
1593 1978 1693 2060 *);
1727 1988 1793 2039 ut
1835 1982 2064 2040 omnino
2104 1979 2379 2062 pluralem
2423 2002 2532 2042 nu·-

393 2213 454 2280 *J
484 2207 771 2280 Ὀρόντας,
809 2232 880 2267 αν
916 2204 1159 2284 Xenoph.
1194 2214 1371 2267 Anab.
1406 2214 1451 2280 I,
1488 2214 1540 2281 6,
1578 2215 1608 2267 1
1648 2222 1704 2267 et
1737 2211 1775 2265 4
1809 2218 1864 2266 et
1898 2214 1985 2271 10.
2024 2209 2334 2284 (Ὀρόντης,
2371 2234 2460 2286 ου,
2492 2235 2531 2288 ῃ

241 2281 505 2351 Polyaen.
539 2283 632 2348 IV,
665 2281 718 2348 8,
753 2284 807 2337 3.
851 2284 968 2351 VII,
1009 2287 1092 2350 14,
1122 2282 1212 2349 1.)
1237 2315 1305 2325 --
1349 2282 1587 2347 Ἀρσίκας
1627 2283 1765 2337 Plut.
1796 2284 1985 2336 Artax.
2021 2302 2066 2336 ο.
2109 2283 2159 2337 2.
2198 2274 2246 2336 οἷ
2278 2287 2534 2352 Παρίσκα

243 2373 296 2421 ρ.
327 2355 394 2406 12
431 2359 486 2404 et.
507 2345 860 2418 Ἀρτασύρας,
895 2371 1018 2418 ραν,
1054 2370 1147 2419 ρα.
1184 2352 1338 2406 Phot.
1362 2350 1511 2405 ctos.
1547 2356 1578 2416 5
1617 2355 1702 2405 10.
1737 2353 1825 2404 20.
1860 2353 1931 2404 50
1958 2346 2310 2422 Ἀρτασύρας,
2346 2373 2436 2422 ρα.
2462 2385 2534 2395 -

244 2426 280 2485 5
319 2422 383 2477 21
433 2420 804 2487 Βισαλτανᾶς,
841 2419 1179 2479 Βισαλτανοῖ.
1216 2454 1284 2463 -
1337 2424 1369 2487 5
1401 2423 1436 2474 2
1471 2429 1529 2474 et.
1561 2420 1631 2477 39
1665 2419 1991 2488 Σπιταμᾶς,
2030 2421 2098 2487 ἄ,
2135 2422 2229 2475 οἶν.
2266 2455 2336 2464 -
2393 2422 2535 2511 514

238 2488 512 2559 Ὀνόφας.
548 2492 618 2542 20
641 2487 862 2556 Ὀνόφα
900 2499 952 2544 et
991 2488 1289 2553 Νατοῖκας.
1325 2495 1358 2555 5
1381 2490 1449 2546 27
1471 2490 1776 2551 Ματακᾶς.
1798 2518 1868 2529 -
1903 2494 1937 2555 S
1970 2496 2004 2545 5
2042 2499 2098 2543 et:
2129 2493 2165 2547 9
2200 2492 2534 2563 Πετισακας,

241 2578 340 2628 ιια,
377 2578 470 2630 κᾳ,
505 2577 630 2613 καν.
665 2566 698 2627 s
721 2560 788 2614 49
821 2554 1086 2623 Ἀρσοῖκαυ
1119 2562 1211 2613 sed
1249 2566 1281 2626 ς
1304 2562 1375 2614 56
1401 2554 1684 2625 Ἀρσάκου.
1718 2559 1996 2627 (Thucyd.
2030 2560 2174 2627 VIII,
2211 2563 2316 2615 108
2345 2559 2534 2646 Ἀρσά-

239 2647 374 2683 κου.
446 2629 675 2698 Procop.
722 2628 841 2681 bell.
891 2629 1040 2680 Pers.
1086 2630 1131 2693 I,
1167 2630 1200 2679 5
1230 2623 1499 2693 Ἀρσάκην
1534 2637 1591 2681 et.
1624 2644 1714 2682 sae
1752 2628 1834 2680 ius
1870 2628 2011 2681 alibi.
2086 2636 2142 2680 et.
2183 2625 2533 2698 Εόρυσακης,

238 2716 350 2752 κου
383 2696 540 2753 Suid.
576 2716 616 2751 s.
654 2716 706 2758 v.
733 2725 802 2736 —-
837 2696 976 2751 Plut.
1005 2697 1049 2749 P
1092 2696 1200 2750 rrh.
1229 2690 1541 2748 Ῥοισάκου.
1585 2696 1722 2747 Aeso
1762 2734 1776 2748 .
1800 2695 1962 2748 Pers.
2034 2692 2104 2750 59
2138 2696 2291 2764 (993)
2325 2699 2535 2765 Kayse-

236 2764 424 2837 γᾶταν
457 2765 556 2818 καὶ
590 2764 996 2832 Λυθίμναν.-
1116 2761 1268 2834 σάμα
1291 2782 1371 2817 vs.
1385 2762 1510 2818 314.
1545 2761 1749 2820 944.—
1783 2764 1942 2818 Diod.
1982 2762 2091 2816 Sic.
2133 2764 2203 2832 11,
2239 2767 2311 2821 34
2340 2759 2533 2818 Ἀσπά-

237 2838 356 2891 δαν
382 2842 448 2896 ,οι
493 2835 625 2888 ibid.
668 2829 1022 2904 Ἀστιβάρας,
1074 2851 1175 2901 ρα,
1226 2851 1348 2902 ραν.
1387 2862 1460 2872 -
1496 2833 1655 2886 Phoc.
1696 2835 1845 2886 Ctes.
1881 2833 2030 2885 Pers.
2084 2835 2117 2896 5
2154 2832 2221 2889 17
2265 2830 2535 2899 Σκυθᾶρ-

236 2923 363 2974 unc,
402 2921 632 2969 nw.·—
672 2901 1091 2971 Τανυοξοίρκης,
1125 2920 1251 2969 κου,
1274 2920 1365 2973 κῃ.
1401 2920 1510 2971 κην
1542 2905 1575 2969 5
1602 2902 1655 2960 8.
1697 2903 1784 2958 10.
1822 2904 1909 2955 11.
1942 2902 2060 2967 (sed
2100 2901 2349 2991 Thucyd.
2375 2902 2443 2968 V,
2462 2901 2535 2956 46

237 2972 349 3027 τόν
385 2969 648 3040 Ξενάρκη
683 2968 789 3025 τὸν
824 2968 1082 3041 ἔφορον.)
1118 2970 1483 3058 Βαγαποὶτης,
1519 2989 1621 3040 ου,
1643 2990 1714 3037 ην
1750 2974 1783 3036 5
1818 2971 1873 3026 9.
1910 2972 1996 3027 10.
2032 2970 2123 3024 59.
2158 3001 2228 3010 -
2261 2970 2537 3041 Αριοβαρ-

240 3040 386 3113 {airy
423 3041 659 3097 D‘emost.
699 3043 795 3107 (cf.
834 3040 1008 3093 Maitt.
1046 3060 1099 3111 p.
1131 3041 1224 3108 34)
1276 3037 1371 3092 sed
1410 3035 1809 3111 Αριοβαρζοὶνει
1842 3039 2092 3161 Xenppb.
2128 3039 2270 3094 Hell.
2308 3041 2356 3106 1,
2387 3043 2442 3108 4,
2477 3038 2533 3098 7.

238 3112 369 3165 Dio.
405 3112 562 3165 Cass.
601 3129 656 3179 p.
696 3110 819 3164 183.
861 3140 909 3148 —-
958 3112 1139 3176 Κερσο
1180 3104 1397 3176 λέπτης,
1438 3127 1586 3180 ου,ῃ
1625 3110 1879 3177 Polyaen.
1918 3111 1958 3158 V
2022 3149 2037 3174 ,
2072 3110 2159 3178 32,
2200 3112 2249 3162 l.
2281 3104 2536 3179 Ὀξύθρᾳ

239 3182 365 3244 VII,
399 3180 488 3248 33,
524 3181 577 3232 2.
617 3172 994 3245 Τευταμοῖτης,
1031 3196 1102 3231 ου
1166 3180 1229 3243 V,
1263 3177 1318 3246 8,
1357 3180 1408 3231 2.
1439 3173 1773 3245 Ὀρυοῖνδης,
1810 3195 1879 3231 ου
1913 3178 2036 3246 VII,
2074 3179 2162 3245 11,
2199 3178 2247 3233 7.
2272 3208 2340 3218 -
2376 3180 2533 3244 Παρ-

239 3250 424 3319 μίσης,
447 3266 519 3316 ην
552 3249 700 3301 Phot.
740 3248 888 3303 Ctes.
930 3252 962 3310 5
998 3249 1050 3303 3.
1080 3276 1139 3286 -
1180 3242 1444 3314 Ἀρτύνην
1465 3249 1619 3301 Diod.
1658 3248 1767 3299 Sic.
1803 3248 1871 3312 11,
1907 3248 1993 3303 34.
2038 3243 2387 3315 Φαρνακύας,
2421 3262 2538 3300 ναν

243 3318 406 3371 Phor.
442 3317 476 3373 Ι.
515 3316 550 3372 Ι.
583 3320 616 3380 5
651 3316 740 3369 45.
765 3345 828 3354 -—·
869 3312 1173 3383 Βουζῦγης,
1209 3334 1278 3386 γῃ
1319 3310 1647 3386 (Ἀθηναίῳ)
1683 3316 1935 3384 Polyaen.
1972 3316 2024 3378 5,
2061 3318 2114 3372 l.
2151 3345 2222 3356 —-
2252 3310 2534 3383 Ἀγχάρης,

243 3387 562 3509 2ss:⁸03·
579 3383 1510 3520 1332333fflggffiffi
1538 3384 1879 3519 mm:
1899 3384 1949 3515 >2
1984 3378 2533 3518 sensas-‚211³

239 3543 298 3595 p.
337 3524 446 3579 528
479 3494 555 3578 F:
601 3518 688 3586 ’Ao
729 3516 888 3589 ἀκης,
925 3539 1027 3574 κου
1064 3529 1119 3573 et
1149 3520 1304 3573 Diod.
1342 3489 1452 3572 ’sim
1490 3520 1565 3587 II,
1600 3521 1690 3574 28.
1726 3469 2108 3587 Μηδοσοῖδης,
2147 3519 2240 3588 δῃ,
2281 3517 2390 3584 δην
2425 3489 2534 3570 Xe-'

237 3594 402 3663 noph.
424 3594 596 3645 Anab-
620 3592 687 3643 vl
722 3630 738 3657 ,
775 3589 825 3658 7,
864 3592 913 3645 1.
951 3585 1002 3658 2,
1037 3591 1123 3646 10.
1159 3591 1246 3646 24.
1280 3589 1374 3642 sed
1410 3580 1460 3641 ω’
1492 3586 1838 3657 Μηδόσαδες
1871 3588 1993 3654 VII,
2025 3586 2076 3647 7,
2118 3590 2202 3643 ll.
2242 3588 2326 3641 15.
2364 3586 2533 3642 18.-

237 3658 505 3729 Σετὶθης,
544 3678 644 3725 ου,
680 3678 746 3729 ῃ,
784 3677 857 3727 ην
882 3658 1140 3727 ,Χοιιορῑὴ
1175 3668 1230 3713 et
1266 3658 1519 3725 Thucyd.
1553 3657 1784 3727 saepius.
1858 3646 1906 3708 αἶ
1958 3653 2164 3725 Σεύθη
2197 3655 2319 3722 VII,
2351 3657 2405 3722 2,
2441 3657 2531 3711 24.

200 3767 205 3775 ,
241 3730 297 3796 3,
335 3733 420 3785 13.
446 3760 518 3770 -
555 3729 809 3796 Polyaen.
848 3728 970 3797 vll,
1001 3728 1088 3796 29,
1127 3730 1175 3781 l.
1209 3723 1569 3796 Μιθριδάτῃ,
1603 3744 1707 3778 του
1741 3726 1888 3792 VIII,
1922 3725 1975 3795 9,
2013 3726 2068 3781 2.
2102 3722 2532 3793 Σφενδαδοέτης,

241 3818 318 3867 ην
370 3798 523 3853 Phot.
569 3798 718 3853 Ctes.
757 3800 790 3860 5
829 3798 915 3851 11.
953 3826 1018 3836 -
1078 3792 1505 3863 Σπιθριδάτης,
1570 3811 1669 3861 ου,
1718 3813 1753 3865 ῃ
1791 3794 1934 3848 Plut.
1972 3793 2118 3848 Alex.
2159 3793 2299 3860 Mag.
2355 3812 2403 3844 e.
2443 3794 2535 3844 50.

237 3869 392 3921 Xeno
435 3868 488 3920 b.
525 3868 667 3919 Hell.
704 3866 797 3935 IV,
824 3866 873 3931 l,
906 3867 961 3919 2.
998 3867 1051 3924 3.
1087 3868 1122 3920 4
1152 3873 1211 3917 et
1243 3855 1292 3916 αἶ
1327 3859 1715 3929 Σπιθριδάτα.
1754 3892 1818 3900 —
1870 3860 2331 3928 Αῑῖτῡητρπὲῑὲτης.
2375 3880 2459 3924 nv,
2495 3880 2531 3928 ῃ

238 3938 363 4004 vn,
433 3936 489 3992 6.
531 3936 615 4004 14,
652 3936 688 3989 3
724 3943 781 3987 et.
813 3937 850 3987 4
881 3934 1162 4003 Polyaeni.
1187 3961 1256 3972 —-
1288 3927 1631 3999 Ἀρταπάτης
1682 3948 1750 3984 ου
1786 3932 2034 4000 Ἄρευς-μὴ.
2078 3936 2234 3984 Anah.
2279 3932 2323 3996 f,
2363 3928 2411 3996 fi,
2451 3932 2531 3980 11.

232 4001 630 4074 Ἀρταγέρσης,
669 4021 757 4071 ου,
806 4021 878 4069 ην
912 4004 959 4071 I,
994 4002 1047 4070 8,
1084 4002 1173 4059 24.
1212 4001 1353 4058 plut.
1392 4000 1583 4053 Artax.
1619 3972 1654 4054 9
1692 4008 1746 4053 et:
1786 4006 1866 4076 1ss
1906 4036 1966 4044 .-
2014 3996 2371 4064 *fuscardum
2411 4016 2531 4064 που,

235 4093 268 4127 τ
316 4112 333 4139 ,
365 4090 473 4142 την
507 4073 674 4143 Sopb.
701 4072 927 4127 Philoct.
955 4089 1038 4126 vs.
1078 4072 1163 4125 54.
1208 4070 1327 4127 101.
1362 4070 1490 4123 432.
1526 4069 1766 4126 1261.-
1806 4072 2214 4132 ἑπαρεκμεῑζης,
2250 4068 2531 4118 trumheri.

289 4144 360 4212 11,
398 4160 454 4211 p.
481 4142 590 4196 528
622 4143 690 4196 F.
729 4137 1090 4207 Πισσούθνης
1125 4137 1403 4209 (Thucyd.
1445 4135 1744 4209 Πισσοόθῃ
1782 4140 1822 4192 Ι.
1870 4140 2102 4200 italiis]
2142 4152 2226 4204 nv,
2266 4152 2335 4200 ηι-
2375 4136 2531 4188 Phnt.

169 4213 174 4219 ’
235 4214 389 4266 Ctes.
432 4216 465 4277 5
500 4213 591 4266 52.
629 4210 855 4280 (Βαοὴτ.
887 4228 945 4281 p.
984 4209 1136 4276 198).
1201 4205 1577 4279 Μεγαβέρνην
1610 4210 1643 4273 5
1678 4210 1715 4262 2
1747 4216 1802 4260 et
1838 4208 1890 4260 H.
1942 4204 2234 4272 Ἀμόργης,
2270 4200 2531 4272 Ἀμόργῃ

230 4286 266 4347 5
287 4282 338 4336 4.
375 4280 434 4339 8.
480 4278 882 4350 Τεριτοόχμης,
915 4296 988 4333 ao)
1017 4279 1103 4347 (et
1120 4280 1218 4347 ov)
1253 4296 1290 4347 ῃ
1326 4280 1360 4342 5
1397 4279 1485 4335 54.
1525 4277 1613 4336 55.
1650 4277 1738 4336 57.
1766 4272 2146 4401 Ὴρισρεέμῖῃς,
2186 4292 2254 4345 πῃ
2295 4276 2327 4341 S
2355 4276 2443 4334 lti.
2466 4300 2538 4315 -»
2599 4308 2604 4312 -
2653 4284 2731 4312 —22

1396 4391 1407 4395 -
2062 4365 2098 4405 τ’)
