2942 4900
815 177 918 243 De
948 179 1193 243 dialecto
1231 179 1571 253 Herodptea
1608 181 1724 248 lib.
1746 181 1846 245 111.
2328 182 2460 250 249

181 353 347 420 dum
355 354 479 426 est,
517 352 620 409 aut
659 346 769 406 hoc
796 345 869 404 -in
902 344 1177 448 demumr,
1215 352 1315 421 ant
1334 348 1622 425 denique,
1664 351 1825 426 quod
1857 353 2200 428 praeferam,
2238 359 2458 414 utrum·

181 454 309 512 qne
345 436 404 494 in
443 427 661 509 διπλόη
680 470 701 505 ,
739 423 1000 510 διπλόην
1048 412 1401 491 vertendum.
1486 434 1639 493 Nam
1684 433 1889 513 διπλέη
1930 435 2021 496 vel
2062 456 2132 509 ex
2171 445 2459 514 permuta-

181 521 356 578 tione
400 518 717 583 litterarum
773 539 807 577 o
852 521 910 574 et
955 515 985 577 ἒ
1035 513 1130 590 (ut
1167 517 1322 593 apud
1364 517 1523 574 Suid.
1569 523 1627 576 et
1670 515 1884 577 Polluc.
1928 519 1987 578 ll.
2013 520 2137 594 jam
2178 541 2354 598 supra
2394 543 2453 600 p.

94 632 99 638 ·
179 609 295 670 215
341 603 494 666 laud.
554 599 817 664 lutulena
872 599 1099 674 quidam
1153 601 1302 659 male
1344 600 1730 676 praebuerunt
1772 623 1875 679 pro
1919 601 2201 681 ἐπίπλοα)
2251 606 2343 663 vel
2388 625 2459 665 ex

181 685 536 745 confusione
563 703 692 745 cum
732 683 929 743 formis
969 681 1188 756 πλέων,
1217 682 1437 756 πλέος,
1478 682 1666 762 πλέη,.
1691 683 1905 751 πλέον
1923 694 2109 751 ortum
2144 708 2281 752 esse
2322 690 2459 751 mihi

181 771 442 844 videtur,
487 787 674 844 neque
713 786 784 826 ex
825 774 1120 835 contracta
1161 768 1344 829 forma
1387 770 1573 846 διπλῆ
1609 769 1727 844 ita,
1769 778 1834 830 ut
1872 791 1943 831 ex
1983 773 2269 850 epicorum
2295 793 2460 835 more

181 853 266 912 illi
311 858 611 912 contracto
657 871 801 909 sono
849 851 1038 908 littera
1077 855 1111 914 ’ἑ
1167 853 1527 929 praeposita
1542 855 1651 923 sit·
1709 874 1855 931 quae
1896 857 2061 933 epica
2103 859 2459 916 consuetudo

181 939 420 996 minime
457 935 832 997 Herodoteae
891 937 1138 994 orationi
1180 938 1485 1011 convenit;
1547 957 1733 1014 neque
1789 958 1926 998 vero
1970 959 2055 1000 ex
2102 941 2287 1000 forma
2340 962 2458 1000 non

185 1028 490 1080 contracta
535 1015 756 1098 διπλόη
801 1044 834 1082 o
878 1019 935 1076 in
981 1021 1010 1080 ἒ
1046 1039 1235 1094 versa,
1277 1039 1444 1119 quam
1490 1041 1751 1100 causam,
1796 1024 1843 1080 si
1888 1043 2025 1082 vera
2067 1031 2255 1100 esset,
2295 1032 2458 1104 patet

183 1104 365 1167 etiam
410 1105 486 1164 ad
531 1105 776 1180 διπλῆν,
824 1105 1072 1177 διπλᾶς,
1117 1097 1368 1166 διπλόον
1414 1105 1673 1185 valuiqse.
1759 1107 1880 1166 Sed
1910 1107 2059 1167 hanc
2098 1127 2281 1166 meam
2319 1128 2458 1169 sen-

181 1191 451 1264 tentiam,
488 1189 600 1249 alia
622 1187 864 1251 similis
881 1188 1180 1264 confusio,
1218 1206 1254 1246 a
1297 1188 1678 1267 Wesselingio
1720 1192 1947 1254 demum
1993 1198 2285 1268 correcta,
2316 1193 2457 1252 mire

181 1274 530 1335 confirmare
584 1273 844 1344 videtur,
893 1290 1072 1348 quum
1114 1274 1167 1331 is
1206 1272 1293 1330 vir
1335 1272 1682 1336 clarissimus
1733 1295 1840 1352 pro
1876 1275 2026 1354 χειρὶ
2071 1277 2256 1359 διπλῇ
2306 1278 2458 1336 male

183 1357 430 1432 vulgato
469 1357 565 1415 VI.
583 1360 671 1421 72
693 1357 926 1458 χειρίδι
966 1353 1112 1440 πλέῃ
1168 1357 1594 1419 rescribendum
1646 1378 1775 1417 esse
1830 1360 2039 1418 acriter
2094 1360 2457 1433 intellexerit.

183 1441 274 1500 Et
318 1461 488 1518 quum
530 1435 785 1511 διπλόον
827 1435 1101 1512 θάνατον
1135 1441 1233 1498 VI.
1273 1445 1376 1500 104
1417 1460 1582 1501 nemo
1629 1442 1796 1501 facile
1835 1445 1893 1502 in
1938 1442 2172 1502 dubium
2213 1464 2459 1505 vocave-

183 1527 288 1599 rit,
326 1525 466 1590 nihil
500 1515 810 1601 quidquam
851 1525 1085 1587 obstare
1125 1526 1319 1598 video,
1354 1526 1496 1602 quin
1525 1543 1593 1584 ex
1621 1525 1728 1586 hac
1766 1547 1969 1590 norma
2008 1535 2179 1605 atque
2218 1529 2458 1588 aliorum

186 1610 464 1686 analogia
483 1617 542 1668 et
554 1603 798 1686 διπλόη,
821 1601 1100 1686 διπλόην,
1124 1602 1399 1680 διπλόας,
1445 1615 1502 1669 et
1526 1605 1743 1677 διπλόα
1765 1613 2065 1689 utrobique
2089 1631 2455 1690 reponamus·

364 1693 449 1752 Ut
491 1713 558 1753 ea
592 1694 858 1769 nomina,
903 1712 1050 1771 quae
1092 1693 1399 1752 secundam
1447 1693 1716 1794 Atticam,
1753 1713 1899 1770 quae
1936 1697 2162 1771 dicitur,
2206 1696 2458 1758 declina-

184 1778 408 1839 tionem
461 1784 815 1854 sequuntur,
880 1797 997 1836 non
1050 1782 1166 1834 tam
1218 1775 1392 1835 multa
1441 1776 1622 1836 fuisse
1676 1781 1733 1836 in
1784 1780 2115 1840 Herodotea
2174 1782 2457 1877 oratione,

185 1881 376 1938 quam
413 1863 563 1939 apud
593 1862 781 1934 alios,
827 1864 944 1939 jam
985 1881 1159 1938 supra
1201 1881 1260 1938 p
1304 1860 1415 1920 168
1449 1880 1538 1938 sq.
1579 1863 1853 1932 vidimus,
1915 1864 1998 1921 sic
2042 1865 2214 1922 etiam
2254 1863 2310 1921 in
2351 1866 2457 1921 fle-

185 1947 420 2007 ctendis
467 1946 538 2003 iis
594 1945 915 2008 nominibus
985 1945 1210 2019 omnia,
1270 1963 1419 2020 quae
1472 1947 1678 2005 Atticis
1728 1947 1967 2023 aliisque
2015 1951 2150 2005 sunt
2201 1949 2457 2024 propria,

183 2031 442 2095 maxime
484 2030 538 2086 in
579 2031 828 2106 genitivo
856 2035 927 2089 et
970 2028 1291 2089 accusativo
1331 2027 1605 2104 singulari
1647 2030 1851 2104 obvia,
1878 2049 2123 2108 prorsus
2161 2049 2231 2088 ex
2270 2031 2458 2089 Hero-

185 2105 370 2173 dotea
400 2115 823 2181 consuetudine
833 2109 1183 2175 excludenda
1216 2119 1368 2172 sunt.
1453 2112 1781 2173 Genitivum
1811 2116 1960 2175 enim
1986 2115 2273 2174 nominum
2313 2134 2458 2191 oxy-

187 2202 466 2264 tonorum
516 2198 601 2256 in
617 2221 721 2270 ως
779 2198 1099 2258 exeuntium
1155 2196 1414 2254 nonnulli
1468 2200 1823 2272 grammatici
1876 2218 2016 2275 per
2039 2201 2458 2257 circumflexum

188 2282 370 2342 scribi
405 2281 710 2349 voluerunt
763 2280 893 2357 (ch.
918 2280 1143 2357 Schaef.
1201 2281 1273 2341 ad
1320 2281 1500 2356 Greg.
1544 2282 1681 2345 Cor.
1736 2303 1792 2360 p.
1837 2281 1967 2362 165)
2012 2303 2124 2360 quo
2171 2301 2240 2341 ex
2283 2301 2459 2361 prae-

187 2374 364 2444 cepto
407 2371 466 2424 et
510 2369 698 2442 Νεκῶ
741 2365 841 2443 (ΙΙ.
885 2371 1009 2424 158.
1048 2364 1147 2429 IV.
1175 2365 1272 2441 42)
1316 2370 1377 2423 et
1416 2369 1635 2441 -Nocflni
1673 2366 1775 2442 (II.
1814 2367 1945 2445 165)
1985 2387 2093 2445 pro
2135 2367 2285 2426 veris
2338 2371 2459 2428 Ne·

185 2449 313 2526 ιιοό,
363 2445 572 2515 Naevi
615 2453 672 2514 in
702 2450 1107 2511 'Herodoteum
1151 2449 1467 2508 orationem
1517 2453 1820 2529 irrepsisse
1859 2454 2143 2529 videntur.
2228 2452 2308 2514 Et
2352 2451 2457 2511 At-

184 2538 340 2600 ticos
396 2536 579 2595 multa
629 2535 736 2593 huc
768 2535 1139 2612 pertinentia
1194 2534 1422 2595 nomina
1464 2535 1521 2610 in
1572 2537 1895 2596 accusativo
1937 2535 2211 2610 singulari
2252 2537 2376 2596 sine
2419 2536 2458 2595 ’ὖ

183 2619 545 2695 formasse,
551 2620 834 2678 interdum
875 2620 1044 2677 etiam
1088 2619 1446 2678 circumflexo
1489 2624 1754 2691 notasse,
1805 2622 1945 2677 satis
1984 2624 2080 2676 est
2119 2625 2315 2679 notum
2356 2619 2458 2694 (cf.

185 2705 485 2783 Interppr.
528 2706 609 2762 ad
649 2704 827 2778 Greg.
873 2702 1012 2761 Cor.
1054 2703 1116 2760 d.
1154 2702 1211 2758 d.
1253 2700 1424 2762 Attic.
1465 2704 1553 2761 71.
1617 2702 1779 2763 Euat.
1828 2702 1904 2760 ad
1947 2700 2062 2759 od.
2112 2693 2155 2763 ε’
2197 2720 2257 2776 p·
2300 2702 2458 2778 222),

185 2807 365 2865 quam
420 2789 651 2865 quidem
702 2806 828 2844 rem
883 2786 1035 2854 nullo
1091 2784 1263 2843 modo
1320 2784 1474 2861 apud
1528 2790 1783 2844 nostrum
1808 2765 2247 2859 admittendam
2304 2804 2457 2859 esse,

184 2872 345 2933 haec
381 2872 674 2969 ,exempla
695 2872 838 2930 satis
884 2869 1200 2930 docebunt.
1255 2864 1609 2931 Μενέλεων
1629 2868 1703 2926 ΙΙ.
1750 2874 2037 2934 113.118.
2127 2864 2343 2942 Νεκῶν
2384 2868 2458 2933 Π.

189 2963 318 3017 152.
381 2948 713 3035 Σαβακοὲν
754 2955 831 3013 ΙΙ.
874 2960 997 3014 152.
1082 2944 1466 3057 Ἀρκεσίλεων
1500 2953 1763 3029 IV.160.
1809 2957 1932 3013 167.
2028 2952 2459 3032 Πρωτεσίλεων

187 3040 301 3102 ΙΧ.
340 3044 462 3100 116.
545 3030 932 3141 Ἀμφιάρεων
973 3038 1021 3097 Ι.
1057 3042 1151 3112 46·
1248 3033 1415 3109 Τέων
1459 3033 1754 3114 1.170*).
1840 3030 2208 3100 &uuam
2249 3036 2461 3101 V1.44

189 3131 307 3197 ter,
349 3130 510 3186 recte
549 3124 724 3198 vulg..
744 3116 932 3200 (τον”
938 3130 1128 3185 Αθων
1171 3120 1563 3201 περιέβαλλον
1604 3122 1757 3198 vulg.
1827 3114 1937 3185 τόν
1962 3115 2150 3184 ’Ἄθω
2197 3120 2343 3180 male
2383 3123 2459 3184 V.

173 3200 431 3269 ”Αθεον
473 3208 648 3286 Brit).
691 3211 779 3269 45.
826 3206 955 3264 VH.
988 3213 1079 3267 21.
1118 3212 1188 3278 22
1228 3206 1317 3264 bis
1360 3204 1481 3282 (ubi
1526 3207 1697 3265 codd.
1735 3206 1800 3269 V.
1832 3208 1889 3268 d.
1925 3206 2071 3264 male
2093 3201 2332 3281 ”.Λθω)
2368 3211 2456 3267 37.

191 3295 305 3350 189.
347 3287 556 3368 (Ἄθω
602 3292 665 3347 S.
702 3290 771 3348 V.
816 3288 1007 3368 male).
1084 3283 1200 3352 τόν
1243 3288 1396 3351 λεοόν
1428 3289 2237 3353 1.22.V111.136.11.129
2280 3285 2461 3362 (λεών

190 3394 354 3431 nunc
393 3381 544 3433 recte
595 3374 751 3450 vulg.
795 3394 919 3439 cum
962 3375 1026 3436 S.
1067 3365 1133 3430 V.
1179 3373 1264 3450 F
1288 3374 1469 3431 Paris.
1530 3372 1679 3434 λαόν
1722 3373 1868 3431 male
1905 3370 2035 3434 Ald.
2084 3373 2155 3432 al.
2219 3366 2334 3435 λεώ
2375 3375 2457 3431 Μ.

190 3456 265 3517 Ρ.
311 3458 440 3535 Κ..)
489 3458 588 3519 IV.
636 3463 758 3517 148.
793 3459 864 3516 V.
903 3463 975 3516 42
1017 3456 1174 3528 (vide
1213 3476 1391 3549 sup—ra
1430 3477 1491 3534 p.
1538 3460 1639 3516 138
1673 3450 1923 3533 sq.)**)·

203 3572 211 3579 ·
365 3541 672 3610 Nonnullis
714 3544 773 3602 in
801 3537 1135 3612 nominibus
1172 3542 1235 3604 in
1274 3537 1359 3616 (ιο-ς
1398 3540 1717 3599 terminatis
1756 3536 2101 3615 ambigitur,
2157 3542 2341 3598 utrum
2384 3538 2461 3596 ad

191 3626 343 3696 banc
378 3628 688 3686 secundam
716 3625 1165 3693 declinationem
1210 3623 1499 3690 flectenda
1538 3624 1687 3705 sint,
1748 3640 1823 3679 an
1870 3620 1946 3678 ad
2006 3620 2253 3686 tertiam.
2339 3622 2461 3684 Sed

193 3728 409 3773 nomen
469 3711 690 3780 Μίνως
740 3710 1105 3772 Herodotum
1161 3728 1230 3767 ex
1295 3710 1424 3783 lege
1491 3706 1656 3783 hujus
1720 3703 2006 3764 secundae
2067 3705 2461 3772 declinationis

195 3775 528 3854 constanter
580 3792 934 3865 declinasse,
991 3812 1210 3868 summo
1255 3792 1385 3868 jure
1430 3788 1777 3848 contendere
1822 3787 1955 3845 mihi
2002 3788 2221 3849 videor.
2306 3788 2464 3849 Dixit

335 3954 396 4017 *)
435 3954 611 4007 Etiam
635 3956 820 4023 Thac)
816 3954 1008 4009 didem
1042 3958 1208 4014 forma
1247 3952 1402 4008 Τέων
1438 3951 1499 4016 (8
1546 3950 1638 4021 16)
1677 3960 1734 4007 ut
1761 3952 1901 4005 Καῗν
1912 3952 2011 4019 (8,
2030 3950 2120 4005 41.
2148 3952 2274 4016 105)
2314 3968 2458 4004 usum.

192 4038 334 4089 esee,
377 4031 556 4076 notum
593 4032 694 4082 est.
729 3974 820 4077 οἵ.)
844 4022 995 4106 Popp
998 4042 1086 4077 on.
1120 4022 1371 4092 Thucyd.
1412 3993 1532 4074 Vol.
1569 3957 1638 4089 1,)
1654 4038 1709 4090 p.
1742 4020 1851 4073 220
1888 3992 2046 4074 etad
2081 4013 2161 4086 V,
2198 4020 2250 4076 Ξ,

337 4091 440 4159 **)
489 4094 670 4146 Etiam
711 4087 902 4159 Φερῶν
951 4044 1021 4145 ΙΙ.
1065 4094 1160 4148 111
1214 4101 1360 4146 recte
1409 4108 1453 4151 3
1491 4059 1736 4143 Bekkero
1786 4097 1974 4143 nostro
2023 4059 2322 4143 restitutum
2358 4100 2458 4152 nst,

230 4176 292 4213 ro
329 4177 434 4229 quo
472 4162 652 4219 Gaius.
687 4162 758 4215 al.
795 4176 921 4227 oum
945 4162 1018 4214 M.
1072 4164 1132 4218 P.
1167 4161 1238 4215 K.
1274 4160 1410 4226 mule
1447 4159 1645 4229 Φερων
1678 4160 2057 4229 praebuerunt,
2096 4153 2286 4224 Φὲρωι·
2326 4172 2374 4208 a.
2410 4176 2458 4212 e.

194 4178 389 4296 ξερων
423 4231 540 4285 sine
575 4237 791 4284 accentu
828 4219 938 4284 cod.
979 4233 1042 4285 F.
1099 4217 1330 4296 Φὲρωνα
1363 4228 1491 4292 Ald.
1500 4228 1580 4284 8.
1617 4228 1672 4282 b.
1712 4227 1766 4296 d·
2145 4271 2154 4281 ,
