2942 4900
374 217 377 221 ’
462 250 834 313 nortmannorum
859 255 904 315 u.
929 256 951 321 r,
979 257 992 267 ·
1021 222 1023 224 ’
1226 257 1266 322 13

127 418 371 481 emendatissimos
392 418 557 497 scriptorum
582 419 666 478 libros
684 421 838 498 possidete,
864 436 1062 499 neque-qnam
1083 428 1265 504 peritissime

129 505 257 563 librarios
278 505 306 561 in
330 502 432 562 familia
453 505 556 563 habere
579 524 662 564 rarae
678 506 835 565 horninibus
853 510 946 580 titisse,
972 510 1063 583 sacilru
1086 513 1182 582 credo,
1204 517 1264 572 cui·

35 596 40 603 “
89 652 93 659 p
129 609 186 667 que
209 588 328 667 patebit.
369 587 487 647 Librarii
510 590 582 647 enim
604 589 721 648 rnnlturn
743 600 822 650 mant
842 595 998 666 exercendi,
1025 597 1264 673 comparandique

129 677 159 747 ii,
182 675 231 748 qni
252 673 399 731 emendate
416 683 548 749 reeteque
564 675 689 749 legerent
706 676 927 753 scriberentque3
949 679 1026 754 quod
1044 681 1157 754 quidem
1178 700 1265 759 saepe

130 759 289 834 neglectum
310 775 382 828 esse,
404 758 509 816 multae
531 765 817 819 veteruanauctornm
834 763 965 835 querelae
980 764 1183 830 demonstrant.
1215 766 1264 825 Sic

105 844 184 919 ‘jam
201 842 306 903 sorbo
329 840 419 917 (Xlll.
441 863 469 921 p.
491 846 543 902 sou
563 843 596 900 C.
619 843 756 920 Casaub.)
778 863 864 920 quum
887 847 923 904 de
945 848 1121 907 multitudiue
1140 852 1262 909 mendo-

128 948 189 991 rum
212 928 239 985 in
251 925 410 985 Aristotelis
430 928 540 1005 scriptis
565 928 710 986 obviorum
734 931 918 1007 exposuisset,
943 932 1013 990 baec
1032 932 1186 1007 subjunxit:
1209 935 1262 996 καὶ

127 1011 327 1093 βιβλιοωοῑλαί
353 1032 433 1084 τινες
460 1015 608 1091 γραφεῦσι
638 1007 766 1088 φαύλοις
786 1010 934 1093 χρώμενοι
959 1016 1011 1078 aui
1035 1011 1093 1079 ουἰι
1119 1011 1264 1099 dvrrflr'i-

127 1104 241 1168 muru,
270 1091 345 1174 ὅπερ
368 1094 421 1158 rrnl
442 1095 493 1159 ἐπὶ
513 1100 578 1159 reio
595 1091 696 1158 iillum
723 1101 882 1177 συμβαίνει
906 1103 967 1161 mir
990 1101 1033 1173 εἰς
1051 1105 1166 1178 πρᾶσιν
1192 1110 1263 1185 peo-

128 1180 272 1260 φομένων
300 1182 427 1260 βιβλίων
453 1179 506 1243 uod
534 1179 645 1243 ἔνθαόε
667 1182 742 1257 (soll.
766 1183 888 1261 Romae)
910 1184 962 1245 aori
990 1185 1023 1247 ἒν
1047 1179 1262 1272 Ἀλεξανδρείᾳ.

128 1267 241 1336 Quibus
264 1285 327 1325 cnm
347 1267 439 1324 verbis
473 1272 502 1324 et
532 1268 661 1326 conferas
686 1266 788 1327 Galerii
816 1268 908 1329 locum
936 1270 973 1329 de
994 1272 1119 1346 dignosr„
1151 1278 1180 1330 et
1206 1293 1263 1332 cnr.

124 1372 173 1412 au.
197 1352 286 1411 nrorb.
306 1355 368 1409 cil
393 1357 422 1411 et
442 1350 556 1410 Heeren
581 1351 597 1408 l.
620 1350 637 1408 l.

151 1484 155 1491 .
214 1436 310 1502 Quare
331 1435 406 1494 haud
433 1436 532 1493 mirum
559 1454 620 1495 esse
649 1436 774 1510 videtur,
801 1437 825 1493 si
856 1436 977 1513 antiquis
1002 1437 1060 1513 jam
1092 1440 1264 1517 temporibus

127 1521 267 1581 Herodoti
292 1521 380 1578 nostri
402 1521 570 1598 exemplaria
592 1521 664 1579 uitiis
685 1522 800 1579 foedata
823 1520 907 1580 luisse
929 1523 1093 1598 traduntur,
1115 1524 1190 1582 band
1212 1527 1263 1583 mi-

128 1625 207 1677 rum,
241 1605 265 1662 si
291 1606 379 1661 nostri
408 1606 586 1681 manuscripti
611 1622 734 1663 errorum
761 1607 980 1682 mendarumque
1007 1608 1125 1683 cujusvis
1155 1611 1269 1684 generis

129 1690 204 1767 pleul
225 1689 446 1765 conspiciuntur,
470 1690 631 1766 pracsertim
659 1708 744 1764 quum
771 1709 866 1748 verum
896 1692 933 1748 sit
962 1691 1028 1750 illud
1061 1692 1147 1749 Bustii
1172 1696 1266 1768 (com-

75 1774 76 1783 ’
129 1781 216 1835 ruent.
242 1773 433 1850 palaeopoli.
459 1780 511 1833 815
532 1781 598 1852 post
619 1773 704 1848 Greg.
727 1774 793 1831 Cor.
813 1776 858 1833 ed.
882 1776 1007 1851 Scbaet'.)
1030 1777 1145 1848 dictum,
1170 1783 1265 1836 textus

128 1859 296 1935 scriptorum
318 1865 443 1917 ueterum
460 1858 519 1917 *hoe
538 1858 694 1916 vitiosiores
716 1859 806 1916 factos
838 1876 915 1934 esse,
943 1878 1000 1934 quo
1026 1862 1138 1937 saepius
1162 1861 1265 1920 librarii

129 1962 178 2001 eos
200 1942 439 2018 transscriberent,
460 1945 554 2001 donec
572 1942 689 2017 vestigia
715 1943 852 2016 genuinae
876 1944 1029 2019 scripturae
1057 1944 1100 2002 vel
1126 1945 1265 2003 levissima

128 2028 300 2085 tollerentur.
344 2026 487 2101 Etvqnsnr
509 2044 595 2105 saepe
620 2036 649 2085 et
668 2027 794 2085 certatim
815 2032 844 2084 et
867 2027 989 2102 antiquis
1012 2036 1041 2087 et
1067 2031 1265 2087 recentioribus

128 2112 301 2189 temporibus
323 2117 447 2169 nostrum
469 2121 585 2188 propter
611 2112 776 2186 grauitatem
799 2130 889 2169 rernm
916 2118 1003 2187 atque
1023 2113 1199 2184 varietatem,
1227 2114 1274 2183 ob¹

126 2197 296 2272 singulares
314 2196 424 2253 dicendi
441 2201 529 2255 artem
545 2197 690 2255 tractarint
706 2203 793 2270 utque
810 2197 1015 2274 descripserint,
1036 2198 1149 2275 nemini,
1169 2199 1265 2268 eredo,

128 2284 246 2341 dubium
276 2290 338 2338 osse
369 2288 478 2358 potestq
507 2299 594 2356 quum
621 2285 766 2358 praeterea
796 2281 865 2338 satis
896 2282 933 2339 sit
959 2288 1073 2353 notum,
1103 2282 1201 2356 quanti
1227 2284 1266 2339 ab

127 2365 324 2425 Alexandrinis
345 2367 445 2423 criticis
466 2365 630 2427 Herodotus
655 2366 817 2425 aestuuatus
838 2366 890 2437 sit,
910 2373 941 2426 et
967 2370 1142 2442 quantopere
1171 2364 1270 2423 deleo*

127 2462 174 2516 tus
201 2451 247 2510 ille
273 2451 428 2529 principum
456 2452 485 2509 in
514 2469 630 2526 qnoque
662 2470 767 2526 genere
799 2444 963 2527 scriptomm
995 2451 1031 2509 ab
1060 2452 1094 2508 iis
1124 2451 1268 2509 institutus

128 2537 253 2596 omniurn
275 2535 431 2593 seculorum
453 2537 547 2594 studia
568 2542 598 2594 et
619 2536 790 2594 librariorum
811 2554 909 2594 manns
937 2535 1066 2593 direxerit
1076 2535 1116 2609 tl).

216 2622 248 2678 ln
269 2621 451 2697 disponendis
473 2627 567 2680 autem
589 2626 619 2676 et
640 2620 817 2689 recensendis
839 2619 956 2695 singulis
980 2619 1051 2681 ms.
1079 2619 1167 2692 vitiis,
1193 2637 1270 2695 quae

130 2725 167 2762 eo
194 2706 352 2779 ‹iiligeutius
380 2724 455 2762 nunc
484 2703 686 2777 considerabo,
722 2723 783 2778 qno
809 2705 899 2779 magis
930 2710 1058 2762 accurata
1085 2703 1270 2779 intelligentia

130 2797 161 2850 et
183 2789 345 2863 cognitione
366 2807 492 2845 errorum
514 2788 619 2845 firmius
642 2788 714 2846 viam
735 2787 902 2845 muneriad
925 2806 974 2845 eos
993 2788 1185 2846 emendandos
1204 2807 1269 2846 cor-

131 2875 321 2949 rigendosque
342 2871 409 2936 mitri
432 2887 603 2948 persuasum
618 2871 723 2945 habeo,
753 2872 851 2930 ducem
878 2889 981 2946 sequar
1004 2871 1173 2929 luculentam
1195 2871 1271 2929 illan

129 2960 352 3016 distributionem
379 2961 397 3014 a
430 2958 477 3015 Gt.
507 2958 669 3016 Hermanno
700 2957 730 3013 iu
757 2957 845 3033 praef.
874 2956 912 3013 ad
941 2956 1094 3015 Trinummi
1125 2955 1273 3024 Plautinae

129 3045 280 3102 editionem
301 3062 331 3120 p
354 3041 402 3100 1V.
424 3043 613 3119 propositam,
641 3041 689 3098 ubi
710 3040 754 3097 hie
775 3041 815 3096 vir
837 3059 961 3100 summus
989 3046 1124 3117 quattuor
1155 3042 1269 3098 onmino

129 3146 194 3186 esse
214 3128 253 3185 ait
275 3127 459 3203 corruptionis
484 3128 512 3185 in
535 3125 655 3201 antiquis
677 3126 858 3202 scriptoribus
882 3144 995 3201 genera,
1021 3125 1152 3195 lucunas,
1184 3126 1268 3183 inter-

129 3213 300 3291 polationes,
328 3212 556 3288 depravationem
579 3213 748 3288 scripturae,
774 3210 880 3268 ordinis
910 3211 1031 3287 denique
1061 3210 1208 3269 verborum
1238 3216 1270 3267 et

129 3315 261 3358 versuum
287 3296 483 3354 turbationem.

216 3381 255 3438 Et
275 3380 391 3438 laminae
414 3381 528 3454 quidem
549 3382 577 3438 in
601 3379 772 3439 Herodoteis
793 3379 861 3437 Mss.
884 3380 986 3456 partim
1007 3379 1046 3435 ita
1067 3384 1134 3435 sunt
1155 3395 1271 3454 eompa-

126 3471 225 3536 ratae,
257 3473 290 3523 ut
308 3464 369 3521 aliis
396 3465 591 3539 integrioribns
619 3465 693 3523 libris
714 3483 747 3521 ea
769 3462 873 3539 expleri
905 3462 1030 3539 possint,
1046 3479 1130 3534 quae
1156 3461 1185 3516 in
1210 3460 1272 3516 aliis

130 3557 198 3608 nuru
220 3551 321 3606 omissa
332 3548 385 3625 **),
416 3552 516 3627 partim
543 3552 597 3622 ita,
629 3558 675 3623 ut,
704 3548 838 3605 orationis
864 3564 938 3604 nexu
966 3546 1137 3620 interrupto,
1159 3549 1272 3602 maneat

131 3634 226 3694 adbuc
245 3639 338 3696 textus
357 3633 492 3694 laceratur
514 3653 547 3693 ac
568 3635 728 3708 mutilatus,
752 3649 846 3706 neque
871 3629 967 3707 facile,
992 3626 1047 3685 nisi
1075 3627 1140 3686 nori
1167 3626 1273 3686 inventi
1363 3629 1368 3634 ’

150 3755 153 3764 r
201 3757 207 3764 .

203 3845 225 3910 ⁹)
246 3844 312 3898 Vide
331 3845 432 3907 Rubnk.
450 3849 552 3904 Histor.
575 3849 633 3903 crit.
658 3845 748 3901 Orntt.
775 3848 871 3902 Graec.
900 3861 925 3915 p.
948 3843 993 3901 94'.
1029 3843 1216 3908 Quintilianum
1235 3839 1273 3912 Χ,
1334 3847 1346 3862 “

132 3917 157 3978 l,
176 3915 212 3966 54
229 3914 305 3968 etb9
321 3916 408 3975 collat.
435 3919 480 3974 Fr.
507 3923 538 3974 Α.
563 3919 643 3972 Wolf.
671 3915 864 3984 Prolegomeuis
886 3930 910 3984 p.
939 3914 998 3974 190.
1039 3914 1123 3965 Aliter
1143 3909 1274 3980 judicavit

130 3983 356 4108 pompardyiaqir
370 3986 536 4054 clarissimus,
553 3988 580 4041 in
598 3987 676 4055 Synt.
694 3987 793 4039 Graec.
812 4002 839 4055 p.
856 3982 891 4037 31
905 3982 970 4040 Not.
989 3984 1032 4040 55.
1047 3988 1075 4035 et
1087 3982 1159 4037 Hist.
1175 3980 1272 4031 Graec.

202 4071 411 4192 ”lpflnjnsnodt
429 4123 487 4183 loci,
505 4126 613 4178 maxime
631 4124 697 4176 libro
719 4124 800 4179 urimo
829 4119 912 4184 obuii,
931 4125 991 4173 sunt
1009 4115 1089 4177 112,
1107 4112 1149 4178 14,
1169 4110 1211 4176 17,
1229 4112 1274 4178 33,

128 4188 174 4253 39,
192 4191 236 4254 ib,
253 4190 297 4257 46,
315 4191 359 4256 54,
378 4193 422 4257 55,
442 4191 555 4258 stt-69,
574 4191 686 4257 73-75,
704 4181 815 4253 tlt-79,
834 4187 947 4253 92-93,
965 4186 1008 4251 94,
1023 4183 1067 4247 95,
1080 4180 1125 4245 96,
1134 4179 1178 4246 98,
1190 4182 1277 4254 103-3-

129 4257 425 4326 manamaur,
448 4262 508 4322 nr,
530 4262 587 4328 no,
610 4261 665 4324 no,
688 4259 840 4321 rar-rso,
868 4255 926 4320 rar,
949 4254 1007 4317 un
1038 4250 1193 4316 rar-184,
1216 4245 1281 4314 19⁹..

129 4328 256 4396 Ortum
270 4329 332 4384 ride
345 4331 458 4405 weard.
475 4332 573 4397 Praei„
591 4328 780 4397 etStlurelfftu
798 4333 823 4384 et
842 4324 928 4378 Gsist.
946 4322 980 4376 sd
1001 4335 1130 4388 (1qu⁰9
1146 4321 1264 4375 ¹⁰⁰⁰¹1bv
