<?xml version="1.0" encoding="UTF-8"?>
<!DOCTYPE html PUBLIC "-//W3C//DTD XHTML 1.0 Transitional//EN"
    "http://www.w3.org/TR/xhtml1/DTD/xhtml1-transitional.dtd">
<html xmlns="http://www.w3.org/1999/xhtml" xml:lang="en" lang="en">
 <head>
  <title>
</title>
<meta http-equiv="Content-Type" content="text/html;charset=utf-8" />
  <meta name='ocr-system' content='tesseract 3.04.00' />
  <meta name='ocr-capabilities' content='ocr_page ocr_carea ocr_par ocr_line ocrx_word'/>
</head>
<body>
  <div class='ocr_page' id='page_1' title='image "./quaestionumcrit02bredgoog/quaestionumcrit02bredgoog_0308.png"; bbox 0 0 2942 4900; ppageno 0'>
   <div class='ocr_carea' id='block_1_1' title="bbox 222 215 1056 287">
    <p class='ocr_par' dir='ltr' id='par_1_1' title="bbox 222 215 1056 287">
     <span class='ocr_line' id='line_1_1' title="bbox 222 215 1056 287; baseline -0.006 -3"><span class='ocrx_word' id='word_1_1' title='bbox 222 221 287 287; x_wconf 88' lang='grc'><strong>226</strong></span> <span class='ocrx_word' id='word_1_2' title='bbox 536 218 583 283; x_wconf 90' lang='lat' dir='ltr'><strong>De</strong></span> <span class='ocrx_word' id='word_1_3' title='bbox 603 218 725 279; x_wconf 86' lang='lat' dir='ltr'><strong>dialecto</strong></span> <span class='ocrx_word' id='word_1_4' title='bbox 748 216 914 278; x_wconf 83' lang='lat' dir='ltr'><strong>Herodotea</strong></span> <span class='ocrx_word' id='word_1_5' title='bbox 933 215 983 277; x_wconf 85' lang='lat' dir='ltr'><strong>lib.</strong></span> <span class='ocrx_word' id='word_1_6' title='bbox 1004 215 1056 279; x_wconf 88' lang='lat'><strong>111.</strong></span> 
     </span>
    </p>
   </div>
   <div class='ocr_carea' id='block_1_2' title="bbox 138 382 1394 2825">
    <p class='ocr_par' dir='ltr' id='par_1_2' title="bbox 138 382 1394 2825">
     <span class='ocr_line' id='line_1_2' title="bbox 138 382 1359 467; baseline -0.009 -15"><span class='ocrx_word' id='word_1_7' title='bbox 138 448 148 460; x_wconf 77' lang='grc'>,</span> <span class='ocrx_word' id='word_1_8' title='bbox 210 411 319 452; x_wconf 89' lang='lat' dir='ltr'><strong>merum</strong></span> <span class='ocrx_word' id='word_1_9' title='bbox 349 388 493 448; x_wconf 86' lang='lat' dir='ltr'><strong>nominum</strong></span> <span class='ocrx_word' id='word_1_10' title='bbox 518 388 699 467; x_wconf 85' lang='lat' dir='ltr'><strong>propriorum</strong></span> <span class='ocrx_word' id='word_1_11' title='bbox 727 387 883 445; x_wconf 86' lang='lat' dir='ltr'><strong>secundum</strong></span> <span class='ocrx_word' id='word_1_12' title='bbox 912 386 1032 464; x_wconf 86' lang='lat' dir='ltr'><strong>primam</strong></span> <span class='ocrx_word' id='word_1_13' title='bbox 1053 383 1274 444; x_wconf 83' lang='lat' dir='ltr'><strong>declinationem</strong></span> <span class='ocrx_word' id='word_1_14' title='bbox 1297 382 1359 442; x_wconf 88' lang='lat' dir='ltr'><strong>for-</strong></span> 
     </span>
     <span class='ocr_line' id='line_1_3' title="bbox 211 464 1356 550; baseline -0.005 -16"><span class='ocrx_word' id='word_1_15' title='bbox 211 494 290 534; x_wconf 87' lang='lat' dir='ltr'><strong>mare</strong></span> <span class='ocrx_word' id='word_1_16' title='bbox 310 476 477 547; x_wconf 89' lang='lat' dir='ltr'><strong>maluerunt,</strong></span> <span class='ocrx_word' id='word_1_17' title='bbox 499 472 585 530; x_wconf 90' lang='lat' dir='ltr'><strong>veluti</strong></span> <span class='ocrx_word' id='word_1_18' title='bbox 608 468 820 549; x_wconf 79' lang='grc' dir='ltr'><em>Δημοσδίυυς,</em></span> <span class='ocrx_word' id='word_1_19' title='bbox 836 464 1059 550; x_wconf 72' lang='grc' dir='ltr'><strong>Ἀριστοφτίυυς</strong></span> <span class='ocrx_word' id='word_1_20' title='bbox 1077 469 1114 527; x_wconf 84' lang='lat' dir='ltr'><strong>cf.</strong></span> <span class='ocrx_word' id='word_1_21' title='bbox 1134 469 1228 528; x_wconf 81' lang='lat' dir='ltr'><strong>Beldr.</strong></span> <span class='ocrx_word' id='word_1_22' title='bbox 1244 469 1356 528; x_wconf 79' lang='lat' dir='ltr'><strong>Anocd.</strong></span> 
     </span>
     <span class='ocr_line' id='line_1_4' title="bbox 212 554 1356 636; baseline -0.01 -16"><span class='ocrx_word' id='word_1_23' title='bbox 212 561 269 634; x_wconf 93' lang='lat' dir='ltr'><strong>III,</strong></span> <span class='ocrx_word' id='word_1_24' title='bbox 284 579 313 636; x_wconf 90' lang='lat' dir='ltr'><strong>p.</strong></span> <span class='ocrx_word' id='word_1_25' title='bbox 338 563 415 620; x_wconf 88' lang='grc'><strong>1191.</strong></span> <span class='ocrx_word' id='word_1_26' title='bbox 458 558 601 635; x_wconf 82' lang='lat' dir='ltr'><strong>Int&#39;erppr.</strong></span> <span class='ocrx_word' id='word_1_27' title='bbox 633 557 669 613; x_wconf 88' lang='lat' dir='ltr'><strong>ad</strong></span> <span class='ocrx_word' id='word_1_28' title='bbox 688 557 763 619; x_wconf 84' lang='lat' dir='ltr'><strong>Plat.</strong></span> <span class='ocrx_word' id='word_1_29' title='bbox 785 557 884 631; x_wconf 88' lang='lat' dir='ltr'><strong>Symp.</strong></span> <span class='ocrx_word' id='word_1_30' title='bbox 917 576 947 632; x_wconf 80' lang='lat' dir='ltr'><strong>p,</strong></span> <span class='ocrx_word' id='word_1_31' title='bbox 968 560 1022 614; x_wconf 83' lang='grc'><strong>218</strong></span> <span class='ocrx_word' id='word_1_32' title='bbox 1042 554 1078 618; x_wconf 87' lang='grc' dir='ltr'><strong>Β,</strong></span> <span class='ocrx_word' id='word_1_33' title='bbox 1099 586 1143 597; x_wconf 93' lang='lat'><em>-</em></span> <span class='ocrx_word' id='word_1_34' title='bbox 1176 554 1236 611; x_wconf 88' lang='lat' dir='ltr'><strong>Sed</strong></span> <span class='ocrx_word' id='word_1_35' title='bbox 1260 572 1356 627; x_wconf 84' lang='lat' dir='ltr'><strong>gram-</strong></span> 
     </span>
     <span class='ocr_line' id='line_1_5' title="bbox 213 636 1356 720; baseline -0.008 -17"><span class='ocrx_word' id='word_1_36' title='bbox 213 644 377 703; x_wconf 88' lang='lat' dir='ltr'><strong>maticorum</strong></span> <span class='ocrx_word' id='word_1_37' title='bbox 405 647 561 720; x_wconf 86' lang='lat' dir='ltr'><strong>praecepta</strong></span> <span class='ocrx_word' id='word_1_38' title='bbox 592 642 628 698; x_wconf 86' lang='lat' dir='ltr'><strong>de</strong></span> <span class='ocrx_word' id='word_1_39' title='bbox 660 640 704 698; x_wconf 89' lang='lat' dir='ltr'><strong>bis</strong></span> <span class='ocrx_word' id='word_1_40' title='bbox 731 659 766 698; x_wconf 87' lang='lat' dir='ltr'><strong>ac</strong></span> <span class='ocrx_word' id='word_1_41' title='bbox 788 639 923 697; x_wconf 84' lang='lat' dir='ltr'><strong>similibus</strong></span> <span class='ocrx_word' id='word_1_42' title='bbox 944 638 1107 696; x_wconf 87' lang='lat' dir='ltr'><strong>nominibus</strong></span> <span class='ocrx_word' id='word_1_43' title='bbox 1127 638 1279 695; x_wconf 86' lang='lat' dir='ltr'><strong>flectendis</strong></span> <span class='ocrx_word' id='word_1_44' title='bbox 1299 636 1356 694; x_wconf 91' lang='lat' dir='ltr'><strong>lata</strong></span> 
     </span>
     <span class='ocr_line' id='line_1_6' title="bbox 212 718 1394 804; baseline -0.007 -18"><span class='ocrx_word' id='word_1_45' title='bbox 212 728 361 786; x_wconf 85' lang='lat' dir='ltr'><strong>nonsatis</strong></span> <span class='ocrx_word' id='word_1_46' title='bbox 382 726 467 804; x_wconf 85' lang='lat' dir='ltr'><strong>plena</strong></span> <span class='ocrx_word' id='word_1_47' title='bbox 483 731 566 799; x_wconf 88' lang='lat' dir='ltr'><strong>sunt,</strong></span> <span class='ocrx_word' id='word_1_48' title='bbox 587 743 642 783; x_wconf 89' lang='lat' dir='ltr'><strong>nec</strong></span> <span class='ocrx_word' id='word_1_49' title='bbox 663 724 734 781; x_wconf 83' lang='lat' dir='ltr'><strong>satis</strong></span> <span class='ocrx_word' id='word_1_50' title='bbox 761 723 844 781; x_wconf 89' lang='lat' dir='ltr'><strong>nobis</strong></span> <span class='ocrx_word' id='word_1_51' title='bbox 864 724 959 781; x_wconf 83' lang='lat' dir='ltr'><strong>facere</strong></span> <span class='ocrx_word' id='word_1_52' title='bbox 979 718 1112 799; x_wconf 83' lang='lat' dir='ltr'><strong>possunt.</strong></span> <span class='ocrx_word' id='word_1_53' title='bbox 1149 721 1258 780; x_wconf 88' lang='lat' dir='ltr'><strong>Dicunt</strong></span> <span class='ocrx_word' id='word_1_54' title='bbox 1281 722 1356 779; x_wconf 90' lang='lat' dir='ltr'><strong>enim</strong></span> <span class='ocrx_word' id='word_1_55' title='bbox 1392 782 1394 791; x_wconf 22' lang='lat' dir='ltr'>y</span> 
     </span>
     <span class='ocr_line' id='line_1_7' title="bbox 213 806 1356 886; baseline -0.004 -17"><span class='ocrx_word' id='word_1_56' title='bbox 213 812 254 885; x_wconf 89' lang='lat' dir='ltr'><strong>bi,</strong></span> <span class='ocrx_word' id='word_1_57' title='bbox 278 811 373 869; x_wconf 89' lang='lat' dir='ltr'><strong>omnia</strong></span> <span class='ocrx_word' id='word_1_58' title='bbox 394 811 508 871; x_wconf 89' lang='lat' dir='ltr'><strong>uomina</strong></span> <span class='ocrx_word' id='word_1_59' title='bbox 529 810 688 886; x_wconf 88' lang='lat' dir='ltr'><strong>composita</strong></span> <span class='ocrx_word' id='word_1_60' title='bbox 709 809 738 865; x_wconf 91' lang='lat' dir='ltr'><strong>in</strong></span> <span class='ocrx_word' id='word_1_61' title='bbox 761 807 795 885; x_wconf 67' lang='grc' dir='ltr'><strong>ἧς</strong></span> <span class='ocrx_word' id='word_1_62' title='bbox 815 809 961 880; x_wconf 83' lang='lat' dir='ltr'><strong>exeuntia,</strong></span> <span class='ocrx_word' id='word_1_63' title='bbox 977 826 1097 882; x_wconf 89' lang='lat' dir='ltr'><strong>quorum</strong></span> <span class='ocrx_word' id='word_1_64' title='bbox 1120 806 1266 884; x_wconf 80' lang='lat' dir='ltr'><strong>posterior</strong></span> <span class='ocrx_word' id='word_1_65' title='bbox 1288 824 1356 883; x_wconf 87' lang='lat' dir='ltr'><strong>pars</strong></span> 
     </span>
     <span class='ocr_line' id='line_1_8' title="bbox 213 891 1355 969; baseline -0.005 -17"><span class='ocrx_word' id='word_1_66' title='bbox 213 897 251 952; x_wconf 92' lang='lat' dir='ltr'><strong>ad</strong></span> <span class='ocrx_word' id='word_1_67' title='bbox 268 914 370 953; x_wconf 89' lang='lat' dir='ltr'><strong>nomen</strong></span> <span class='ocrx_word' id='word_1_68' title='bbox 386 895 492 966; x_wconf 56' lang='lat' dir='ltr'><strong>‚tertiae</strong></span> <span class='ocrx_word' id='word_1_69' title='bbox 513 893 710 951; x_wconf 77' lang='lat' dir='ltr'><strong>declinationis</strong></span> <span class='ocrx_word' id='word_1_70' title='bbox 730 894 850 969; x_wconf 88' lang='lat' dir='ltr'><strong>propius</strong></span> <span class='ocrx_word' id='word_1_71' title='bbox 870 892 1037 964; x_wconf 89' lang='lat' dir='ltr'><strong>accesserit,</strong></span> <span class='ocrx_word' id='word_1_72' title='bbox 1059 891 1144 948; x_wconf 87' lang='lat' dir='ltr'><strong>etiam</strong></span> <span class='ocrx_word' id='word_1_73' title='bbox 1166 891 1239 947; x_wconf 89' lang='lat' dir='ltr'><strong>banc</strong></span> <span class='ocrx_word' id='word_1_74' title='bbox 1256 897 1355 947; x_wconf 88' lang='lat' dir='ltr'><strong>secuta</strong></span> 
     </span>
     <span class='ocr_line' id='line_1_9' title="bbox 214 971 1353 1057; baseline -0.007 -19"><span class='ocrx_word' id='word_1_75' title='bbox 214 998 279 1038; x_wconf 90' lang='lat' dir='ltr'><strong>esse</strong></span> <span class='ocrx_word' id='word_1_76' title='bbox 300 980 462 1052; x_wconf 73' lang='lat' dir='ltr'><strong>flexionem,</strong></span> <span class='ocrx_word' id='word_1_77' title='bbox 483 978 609 1055; x_wconf 79' lang='lat' dir='ltr'><strong>exceptis</strong></span> <span class='ocrx_word' id='word_1_78' title='bbox 632 971 842 1057; x_wconf 70' lang='grc' dir='ltr'><strong>ἀγκυλοχείλης</strong></span> <span class='ocrx_word' id='word_1_79' title='bbox 862 983 892 1035; x_wconf 89' lang='lat' dir='ltr'><strong>et</strong></span> <span class='ocrx_word' id='word_1_80' title='bbox 906 973 1087 1054; x_wconf 68' lang='grc' dir='ltr'><em>.’Τπερίδης,</em></span> <span class='ocrx_word' id='word_1_81' title='bbox 1111 993 1232 1052; x_wconf 84' lang='lat' dir='ltr'><strong>quornm</strong></span> <span class='ocrx_word' id='word_1_82' title='bbox 1253 982 1353 1051; x_wconf 88' lang='lat' dir='ltr'><strong>poste·</strong></span> 
     </span>
     <span class='ocr_line' id='line_1_10' title="bbox 214 1059 1356 1139; baseline -0.001 -18"><span class='ocrx_word' id='word_1_83' title='bbox 214 1064 273 1123; x_wconf 79' lang='lat' dir='ltr'><strong>rins</strong></span> <span class='ocrx_word' id='word_1_84' title='bbox 302 1062 420 1119; x_wconf 83' lang='lat' dir='ltr'><strong>formam</strong></span> <span class='ocrx_word' id='word_1_85' title='bbox 441 1061 545 1120; x_wconf 86' lang='lat' dir='ltr'><strong>babeat</strong></span> <span class='ocrx_word' id='word_1_86' title='bbox 573 1062 843 1139; x_wconf 85' lang='lat' dir='ltr'><strong>patronymicorum.</strong></span> <span class='ocrx_word' id='word_1_87' title='bbox 885 1061 960 1118; x_wconf 90' lang='lat' dir='ltr'><strong>Nam</strong></span> <span class='ocrx_word' id='word_1_88' title='bbox 991 1060 1187 1137; x_wconf 82' lang='lat' dir='ltr'><strong>patronymica</strong></span> <span class='ocrx_word' id='word_1_89' title='bbox 1218 1059 1247 1115; x_wconf 90' lang='lat' dir='ltr'><strong>in</strong></span> <span class='ocrx_word' id='word_1_90' title='bbox 1278 1060 1356 1136; x_wconf 84' lang='grc' dir='ltr'><em>ίδης,</em></span> 
     </span>
     <span class='ocr_line' id='line_1_11' title="bbox 215 1143 1354 1224; baseline -0.007 -16"><span class='ocrx_word' id='word_1_91' title='bbox 215 1143 294 1224; x_wconf 83' lang='grc' dir='ltr'><em>υίδης</em></span> <span class='ocrx_word' id='word_1_92' title='bbox 311 1152 376 1220; x_wconf 71' lang='lat' dir='ltr'><strong>eto,</strong></span> <span class='ocrx_word' id='word_1_93' title='bbox 405 1151 438 1204; x_wconf 88' lang='lat' dir='ltr'><strong>ut</strong></span> <span class='ocrx_word' id='word_1_94' title='bbox 458 1145 553 1203; x_wconf 86' lang='lat' dir='ltr'><strong>omnia</strong></span> <span class='ocrx_word' id='word_1_95' title='bbox 573 1147 628 1205; x_wconf 89' lang='lat' dir='ltr'><strong>alia</strong></span> <span class='ocrx_word' id='word_1_96' title='bbox 649 1147 677 1202; x_wconf 89' lang='lat' dir='ltr'><strong>in</strong></span> <span class='ocrx_word' id='word_1_97' title='bbox 697 1143 737 1223; x_wconf 58' lang='grc' dir='ltr'><strong>ἦς’</strong></span> <span class='ocrx_word' id='word_1_98' title='bbox 760 1164 816 1202; x_wconf 92' lang='lat' dir='ltr'><strong>non</strong></span> <span class='ocrx_word' id='word_1_99' title='bbox 839 1145 1016 1222; x_wconf 86' lang='lat' dir='ltr'><strong>composita,</strong></span> <span class='ocrx_word' id='word_1_100' title='bbox 1042 1148 1092 1201; x_wconf 86' lang='lat' dir='ltr'><strong>aut</strong></span> <span class='ocrx_word' id='word_1_101' title='bbox 1112 1144 1273 1220; x_wconf 88' lang='lat' dir='ltr'><strong>composita</strong></span> <span class='ocrx_word' id='word_1_102' title='bbox 1293 1163 1354 1200; x_wconf 87' lang='lat' dir='ltr'><strong>curn</strong></span> 
     </span>
     <span class='ocr_line' id='line_1_12' title="bbox 215 1222 1355 1309; baseline -0.004 -21"><span class='ocrx_word' id='word_1_103' title='bbox 215 1228 377 1289; x_wconf 90' lang='lat' dir='ltr'><strong>nominibus</strong></span> <span class='ocrx_word' id='word_1_104' title='bbox 398 1231 506 1307; x_wconf 79' lang='lat' dir='ltr'><strong>primae</strong></span> <span class='ocrx_word' id='word_1_105' title='bbox 528 1230 726 1288; x_wconf 78' lang='lat' dir='ltr'><strong>declinationis</strong></span> <span class='ocrx_word' id='word_1_106' title='bbox 748 1223 795 1309; x_wconf 90' lang='lat' dir='ltr'><strong>(ut</strong></span> <span class='ocrx_word' id='word_1_107' title='bbox 804 1222 1047 1307; x_wconf 77' lang='grc' dir='ltr'><em>Ὀλυμπιονίκης)</em></span> <span class='ocrx_word' id='word_1_108' title='bbox 1058 1229 1213 1287; x_wconf 88' lang='lat' dir='ltr'><strong>secundum</strong></span> <span class='ocrx_word' id='word_1_109' title='bbox 1236 1228 1355 1304; x_wconf 85' lang='lat' dir='ltr'><strong>primam</strong></span> 
     </span>
     <span class='ocr_line' id='line_1_13' title="bbox 214 1312 1355 1390; baseline -0.004 -18"><span class='ocrx_word' id='word_1_110' title='bbox 214 1314 431 1373; x_wconf 78' lang='lat' dir='ltr'><strong>declinationem</strong></span> <span class='ocrx_word' id='word_1_111' title='bbox 452 1315 594 1371; x_wconf 85' lang='lat' dir='ltr'><strong>flectenda</strong></span> <span class='ocrx_word' id='word_1_112' title='bbox 616 1330 681 1371; x_wconf 88' lang='lat' dir='ltr'><strong>esse</strong></span> <span class='ocrx_word' id='word_1_113' title='bbox 700 1314 752 1390; x_wconf 82' lang='lat' dir='ltr'><strong>(cf.</strong></span> <span class='ocrx_word' id='word_1_114' title='bbox 773 1313 866 1377; x_wconf 76' lang='lat' dir='ltr'><strong>Piers.</strong></span> <span class='ocrx_word' id='word_1_115' title='bbox 890 1315 1046 1371; x_wconf 88' lang='lat' dir='ltr'><strong>Herodian.</strong></span> <span class='ocrx_word' id='word_1_116' title='bbox 1067 1333 1097 1389; x_wconf 88' lang='lat' dir='ltr'><strong>p.</strong></span> <span class='ocrx_word' id='word_1_117' title='bbox 1111 1317 1174 1371; x_wconf 77' lang='lat'><strong>456.</strong></span> <span class='ocrx_word' id='word_1_118' title='bbox 1195 1312 1242 1387; x_wconf 84' lang='lat' dir='ltr'><strong>(Io</strong></span> <span class='ocrx_word' id='word_1_119' title='bbox 1258 1312 1355 1369; x_wconf 87' lang='lat' dir='ltr'><strong>Herm.</strong></span> 
     </span>
     <span class='ocr_line' id='line_1_14' title="bbox 215 1395 1355 1475; baseline -0.003 -20"><span class='ocrx_word' id='word_1_120' title='bbox 215 1397 338 1458; x_wconf 85' lang='lat' dir='ltr'><strong>Emend.</strong></span> <span class='ocrx_word' id='word_1_121' title='bbox 355 1418 385 1475; x_wconf 83' lang='lat' dir='ltr'><strong>p.</strong></span> <span class='ocrx_word' id='word_1_122' title='bbox 406 1395 472 1475; x_wconf 82' lang='lat'>305)</span> <span class='ocrx_word' id='word_1_123' title='bbox 494 1396 584 1455; x_wconf 74' lang='lat' dir='ltr'><strong>neri.</strong></span> <span class='ocrx_word' id='word_1_124' title='bbox 609 1398 715 1456; x_wconf 86' lang='lat' dir='ltr'><strong>Anecd.</strong></span> <span class='ocrx_word' id='word_1_125' title='bbox 737 1417 775 1473; x_wconf 55' lang='lat' dir='ltr'><strong>p„</strong></span> <span class='ocrx_word' id='word_1_126' title='bbox 786 1400 848 1456; x_wconf 90' lang='grc'><strong>978.</strong></span> <span class='ocrx_word' id='word_1_127' title='bbox 880 1397 952 1471; x_wconf 86' lang='lat' dir='ltr'><strong>Sed,</strong></span> <span class='ocrx_word' id='word_1_128' title='bbox 972 1403 1003 1455; x_wconf 88' lang='lat' dir='ltr'><strong>ut</strong></span> <span class='ocrx_word' id='word_1_129' title='bbox 1022 1395 1077 1453; x_wconf 87' lang='lat' dir='ltr'><strong>alia</strong></span> <span class='ocrx_word' id='word_1_130' title='bbox 1095 1403 1216 1470; x_wconf 88' lang='lat' dir='ltr'><strong>taceam,</strong></span> <span class='ocrx_word' id='word_1_131' title='bbox 1235 1396 1355 1473; x_wconf 90' lang='lat' dir='ltr'><strong>quibus-</strong></span> 
     </span>
     <span class='ocr_line' id='line_1_15' title="bbox 214 1480 1356 1558; baseline -0.002 -19"><span class='ocrx_word' id='word_1_132' title='bbox 214 1482 280 1539; x_wconf 89' lang='lat' dir='ltr'><strong>dam</strong></span> <span class='ocrx_word' id='word_1_133' title='bbox 298 1482 326 1541; x_wconf 91' lang='lat' dir='ltr'><strong>in</strong></span> <span class='ocrx_word' id='word_1_134' title='bbox 343 1480 521 1555; x_wconf 87' lang='lat' dir='ltr'><strong>nominibus,</strong></span> <span class='ocrx_word' id='word_1_135' title='bbox 542 1483 660 1539; x_wconf 85' lang='lat' dir='ltr'><strong>maxime</strong></span> <span class='ocrx_word' id='word_1_136' title='bbox 678 1480 852 1558; x_wconf 79' lang='lat' dir='ltr'><strong>peregrinis,</strong></span> <span class='ocrx_word' id='word_1_137' title='bbox 874 1483 1012 1539; x_wconf 87' lang='lat' dir='ltr'><strong>incertum</strong></span> <span class='ocrx_word' id='word_1_138' title='bbox 1034 1498 1099 1538; x_wconf 87' lang='lat' dir='ltr'><strong>esse</strong></span> <span class='ocrx_word' id='word_1_139' title='bbox 1121 1481 1244 1555; x_wconf 85' lang='lat' dir='ltr'><strong>videtur,</strong></span> <span class='ocrx_word' id='word_1_140' title='bbox 1262 1487 1356 1537; x_wconf 88' lang='lat' dir='ltr'><strong>utrum</strong></span> 
     </span>
     <span class='ocr_line' id='line_1_16' title="bbox 216 1564 1356 1642; baseline -0.004 -18"><span class='ocrx_word' id='word_1_141' title='bbox 216 1566 320 1625; x_wconf 87' lang='lat' dir='ltr'><strong>Graeci</strong></span> <span class='ocrx_word' id='word_1_142' title='bbox 341 1564 412 1624; x_wconf 90' lang='lat' dir='ltr'><strong>haec</strong></span> <span class='ocrx_word' id='word_1_143' title='bbox 432 1584 485 1642; x_wconf 90' lang='lat' dir='ltr'><strong>pro</strong></span> <span class='ocrx_word' id='word_1_144' title='bbox 505 1566 671 1640; x_wconf 87' lang='lat' dir='ltr'><strong>compositis</strong></span> <span class='ocrx_word' id='word_1_145' title='bbox 694 1565 860 1639; x_wconf 83' lang='lat' dir='ltr'><strong>habuerint,</strong></span> <span class='ocrx_word' id='word_1_146' title='bbox 891 1572 920 1623; x_wconf 90' lang='lat' dir='ltr'><strong>et</strong></span> <span class='ocrx_word' id='word_1_147' title='bbox 941 1584 1011 1623; x_wconf 90' lang='lat' dir='ltr'><strong>suae</strong></span> <span class='ocrx_word' id='word_1_148' title='bbox 1028 1564 1223 1622; x_wconf 82' lang='lat' dir='ltr'><strong>consuetudini</strong></span> <span class='ocrx_word' id='word_1_149' title='bbox 1242 1584 1356 1622; x_wconf 85' lang='lat' dir='ltr'><strong>accom-</strong></span> 
     </span>
     <span class='ocr_line' id='line_1_17' title="bbox 213 1649 1354 1726; baseline -0.003 -19"><span class='ocrx_word' id='word_1_150' title='bbox 213 1649 410 1723; x_wconf 75' lang='lat' dir='ltr'><strong>modaverint,</strong></span> <span class='ocrx_word' id='word_1_151' title='bbox 427 1667 463 1705; x_wconf 88' lang='lat' dir='ltr'><strong>au</strong></span> <span class='ocrx_word' id='word_1_152' title='bbox 487 1667 540 1724; x_wconf 91' lang='lat' dir='ltr'><strong>pro</strong></span> <span class='ocrx_word' id='word_1_153' title='bbox 562 1649 734 1726; x_wconf 86' lang='lat' dir='ltr'><strong>simplicibus</strong></span> <span class='ocrx_word' id='word_1_154' title='bbox 757 1656 805 1706; x_wconf 85' lang='lat' dir='ltr'><strong>arrt</strong></span> <span class='ocrx_word' id='word_1_155' title='bbox 825 1651 997 1726; x_wconf 80' lang='lat' dir='ltr'><strong>paragogis3</strong></span> <span class='ocrx_word' id='word_1_156' title='bbox 1028 1649 1178 1722; x_wconf 87' lang='lat' dir='ltr'><strong>incertum,</strong></span> <span class='ocrx_word' id='word_1_157' title='bbox 1211 1668 1296 1724; x_wconf 85' lang='lat' dir='ltr'><strong>quam</strong></span> <span class='ocrx_word' id='word_1_158' title='bbox 1319 1649 1354 1705; x_wconf 88' lang='lat' dir='ltr'><strong>ad</strong></span> 
     </span>
     <span class='ocr_line' id='line_1_18' title="bbox 215 1732 1356 1810; baseline -0.001 -19"><span class='ocrx_word' id='word_1_159' title='bbox 215 1732 433 1791; x_wconf 86' lang='lat' dir='ltr'><strong>declinationem</strong></span> <span class='ocrx_word' id='word_1_160' title='bbox 455 1733 577 1810; x_wconf 84' lang='lat' dir='ltr'><strong>quisque</strong></span> <span class='ocrx_word' id='word_1_161' title='bbox 602 1746 698 1797; x_wconf 79' lang='lat' dir='ltr'><strong>eorum</strong></span> <span class='ocrx_word' id='word_1_162' title='bbox 716 1734 905 1810; x_wconf 84' lang='lat' dir='ltr'><strong>posteriorem</strong></span> <span class='ocrx_word' id='word_1_163' title='bbox 928 1734 1149 1810; x_wconf 89' lang='lat' dir='ltr'><strong>compositorum</strong></span> <span class='ocrx_word' id='word_1_164' title='bbox 1171 1741 1285 1809; x_wconf 87' lang='lat' dir='ltr'><strong>partem</strong></span> <span class='ocrx_word' id='word_1_165' title='bbox 1304 1735 1356 1790; x_wconf 86' lang='lat' dir='ltr'><strong>fle·</strong></span> 
     </span>
     <span class='ocr_line' id='line_1_19' title="bbox 214 1817 1355 1895; baseline -0.005 -18"><span class='ocrx_word' id='word_1_166' title='bbox 214 1818 306 1891; x_wconf 88' lang='lat' dir='ltr'><strong>xerit,</strong></span> <span class='ocrx_word' id='word_1_167' title='bbox 335 1818 479 1894; x_wconf 88' lang='lat' dir='ltr'><strong>adquam</strong></span> <span class='ocrx_word' id='word_1_168' title='bbox 510 1818 574 1895; x_wconf 89' lang='lat' dir='ltr'><strong>ipsa</strong></span> <span class='ocrx_word' id='word_1_169' title='bbox 600 1818 739 1895; x_wconf 89' lang='lat' dir='ltr'><strong>simplicia</strong></span> <span class='ocrx_word' id='word_1_170' title='bbox 767 1823 817 1875; x_wconf 89' lang='lat' dir='ltr'><strong>aut</strong></span> <span class='ocrx_word' id='word_1_171' title='bbox 839 1837 993 1895; x_wconf 79' lang='lat' dir='ltr'><strong>paragoge.</strong></span> <span class='ocrx_word' id='word_1_172' title='bbox 1041 1818 1077 1874; x_wconf 88' lang='lat' dir='ltr'><strong>Et</strong></span> <span class='ocrx_word' id='word_1_173' title='bbox 1098 1817 1193 1875; x_wconf 90' lang='lat' dir='ltr'><strong>retulit</strong></span> <span class='ocrx_word' id='word_1_174' title='bbox 1217 1817 1355 1875; x_wconf 87' lang='lat' dir='ltr'><strong>Priscian.</strong></span> 
     </span>
     <span class='ocr_line' id='line_1_20' title="bbox 216 1900 1356 1979; baseline 0.001 -22"><span class='ocrx_word' id='word_1_175' title='bbox 216 1903 253 1962; x_wconf 91' lang='lat' dir='ltr'><strong>de</strong></span> <span class='ocrx_word' id='word_1_176' title='bbox 273 1908 334 1960; x_wconf 89' lang='lat' dir='ltr'><strong>arte</strong></span> <span class='ocrx_word' id='word_1_177' title='bbox 356 1907 504 1978; x_wconf 84' lang='lat' dir='ltr'><strong>grammat.</strong></span> <span class='ocrx_word' id='word_1_178' title='bbox 537 1900 587 1977; x_wconf 86' lang='lat' dir='ltr'><strong>VI,</strong></span> <span class='ocrx_word' id='word_1_179' title='bbox 610 1922 633 1961; x_wconf 90' lang='lat' dir='ltr'><strong>c.</strong></span> <span class='ocrx_word' id='word_1_180' title='bbox 663 1909 707 1978; x_wconf 92' lang='lat' dir='ltr'><strong>ll,</strong></span> <span class='ocrx_word' id='word_1_181' title='bbox 740 1923 770 1979; x_wconf 83' lang='lat' dir='ltr'><strong>p·</strong></span> <span class='ocrx_word' id='word_1_182' title='bbox 798 1908 851 1961; x_wconf 86' lang='grc'><strong>258</strong></span> <span class='ocrx_word' id='word_1_183' title='bbox 871 1903 988 1979; x_wconf 86' lang='lat' dir='ltr'><strong>(Krebl)</strong></span> <span class='ocrx_word' id='word_1_184' title='bbox 1016 1902 1209 1979; x_wconf 85' lang='lat' dir='ltr'><strong>hujuscemodi</strong></span> <span class='ocrx_word' id='word_1_185' title='bbox 1241 1904 1356 1959; x_wconf 89' lang='lat' dir='ltr'><strong>nomina</strong></span> 
     </span>
     <span class='ocr_line' id='line_1_21' title="bbox 214 1984 1355 2065; baseline -0.002 -21"><span class='ocrx_word' id='word_1_186' title='bbox 214 1985 347 2044; x_wconf 87' lang='lat' dir='ltr'><strong>Parthica</strong></span> <span class='ocrx_word' id='word_1_187' title='bbox 365 1984 582 2065; x_wconf 84' lang='lat' dir='ltr'><strong>(Mithridates,</strong></span> <span class='ocrx_word' id='word_1_188' title='bbox 603 1987 762 2065; x_wconf 80' lang='lat' dir='ltr'><strong>Tigranes)</strong></span> <span class='ocrx_word' id='word_1_189' title='bbox 785 1992 815 2044; x_wconf 92' lang='lat' dir='ltr'><strong>ut</strong></span> <span class='ocrx_word' id='word_1_190' title='bbox 835 1987 956 2045; x_wconf 88' lang='lat' dir='ltr'><strong>Latinos</strong></span> <span class='ocrx_word' id='word_1_191' title='bbox 978 1988 1021 2045; x_wconf 89' lang='lat' dir='ltr'><strong>sic</strong></span> <span class='ocrx_word' id='word_1_192' title='bbox 1043 1990 1127 2045; x_wconf 87' lang='lat' dir='ltr'><strong>etiam</strong></span> <span class='ocrx_word' id='word_1_193' title='bbox 1150 1987 1285 2045; x_wconf 90' lang='lat' dir='ltr'><strong>Graecos</strong></span> <span class='ocrx_word' id='word_1_194' title='bbox 1306 2005 1355 2043; x_wconf 89' lang='lat' dir='ltr'><strong>an·</strong></span> 
     </span>
     <span class='ocr_line' id='line_1_22' title="bbox 216 2064 1353 2152; baseline 0.002 -24"><span class='ocrx_word' id='word_1_195' title='bbox 216 2070 295 2148; x_wconf 89' lang='lat' dir='ltr'><strong>cipiti</strong></span> <span class='ocrx_word' id='word_1_196' title='bbox 316 2072 485 2128; x_wconf 86' lang='lat' dir='ltr'><strong>terminasse</strong></span> <span class='ocrx_word' id='word_1_197' title='bbox 506 2071 645 2145; x_wconf 81' lang='lat' dir='ltr'><strong>genitivo,</strong></span> <span class='ocrx_word' id='word_1_198' title='bbox 668 2072 754 2128; x_wconf 90' lang='lat' dir='ltr'><strong>modo</strong></span> <span class='ocrx_word' id='word_1_199' title='bbox 773 2068 811 2134; x_wconf 70' lang='grc' dir='ltr'><em>ὂῦ</em></span> <span class='ocrx_word' id='word_1_200' title='bbox 829 2072 915 2129; x_wconf 91' lang='lat' dir='ltr'><strong>modo</strong></span> <span class='ocrx_word' id='word_1_201' title='bbox 936 2070 987 2146; x_wconf 66' lang='grc' dir='ltr'><strong>Εἷς</strong></span> <span class='ocrx_word' id='word_1_202' title='bbox 1008 2064 1169 2152; x_wconf 74' lang='grc' dir='ltr'><em>Τιγράνης,</em></span> <span class='ocrx_word' id='word_1_203' title='bbox 1193 2065 1353 2150; x_wconf 76' lang='lat' dir='ltr'><strong>Trypolrpo,</strong></span> 
     </span>
     <span class='ocr_line' id='line_1_23' title="bbox 223 2149 1352 2233; baseline -0.001 -20"><span class='ocrx_word' id='word_1_204' title='bbox 223 2149 398 2233; x_wconf 80' lang='grc' dir='ltr'><strong>Τιγράνους.</strong></span> <span class='ocrx_word' id='word_1_205' title='bbox 418 2186 462 2198; x_wconf 89' lang='lat'><em>-</em></span> <span class='ocrx_word' id='word_1_206' title='bbox 494 2154 581 2221; x_wconf 90' lang='lat' dir='ltr'><strong>Quod</strong></span> <span class='ocrx_word' id='word_1_207' title='bbox 604 2173 662 2211; x_wconf 92' lang='lat' dir='ltr'><strong>non</strong></span> <span class='ocrx_word' id='word_1_208' title='bbox 685 2154 799 2212; x_wconf 89' lang='lat' dir='ltr'><strong>omnino</strong></span> <span class='ocrx_word' id='word_1_209' title='bbox 822 2155 934 2231; x_wconf 85' lang='lat' dir='ltr'><strong>negabo</strong></span> <span class='ocrx_word' id='word_1_210' title='bbox 956 2175 1054 2215; x_wconf 87' lang='lat' dir='ltr'><strong>verum</strong></span> <span class='ocrx_word' id='word_1_211' title='bbox 1077 2156 1180 2229; x_wconf 82' lang='lat' dir='ltr'><strong>tuisse,</strong></span> <span class='ocrx_word' id='word_1_212' title='bbox 1203 2156 1257 2212; x_wconf 88' lang='lat' dir='ltr'><strong>sed</strong></span> <span class='ocrx_word' id='word_1_213' title='bbox 1280 2157 1352 2232; x_wconf 88' lang='lat' dir='ltr'><strong>apud</strong></span> 
     </span>
     <span class='ocr_line' id='line_1_24' title="bbox 156 2237 1356 2315; baseline 0.002 -19"><span class='ocrx_word' id='word_1_214' title='bbox 156 2293 157 2296; x_wconf 74' lang='grc'>,</span> <span class='ocrx_word' id='word_1_215' title='bbox 216 2237 397 2307; x_wconf 87' lang='lat' dir='ltr'><strong>Herodotum</strong></span> <span class='ocrx_word' id='word_1_216' title='bbox 429 2238 563 2315; x_wconf 90' lang='lat' dir='ltr'><strong>quodque</strong></span> <span class='ocrx_word' id='word_1_217' title='bbox 589 2256 692 2296; x_wconf 88' lang='lat' dir='ltr'><strong>nomen</strong></span> <span class='ocrx_word' id='word_1_218' title='bbox 720 2257 804 2296; x_wconf 89' lang='lat' dir='ltr'><strong>unam</strong></span> <span class='ocrx_word' id='word_1_219' title='bbox 826 2245 937 2298; x_wconf 87' lang='lat' dir='ltr'><strong>tantum</strong></span> <span class='ocrx_word' id='word_1_220' title='bbox 959 2248 1127 2304; x_wconf 82' lang='lat' dir='ltr'><strong>constanter</strong></span> <span class='ocrx_word' id='word_1_221' title='bbox 1146 2245 1276 2298; x_wconf 82' lang='lat' dir='ltr'><strong>secutum</strong></span> <span class='ocrx_word' id='word_1_222' title='bbox 1294 2259 1356 2298; x_wconf 90' lang='lat' dir='ltr'><strong>esse</strong></span> 
     </span>
     <span class='ocr_line' id='line_1_25' title="bbox 217 2320 1355 2402; baseline 0.004 -25"><span class='ocrx_word' id='word_1_223' title='bbox 217 2320 434 2377; x_wconf 84' lang='lat' dir='ltr'><strong>declinationem</strong></span> <span class='ocrx_word' id='word_1_224' title='bbox 457 2322 621 2389; x_wconf 87' lang='lat' dir='ltr'><strong>contendo;</strong></span> <span class='ocrx_word' id='word_1_225' title='bbox 651 2341 704 2379; x_wconf 91' lang='lat' dir='ltr'><strong>nec</strong></span> <span class='ocrx_word' id='word_1_226' title='bbox 725 2323 869 2399; x_wconf 90' lang='lat' dir='ltr'><strong>reticebo,</strong></span> <span class='ocrx_word' id='word_1_227' title='bbox 892 2328 1069 2402; x_wconf 89' lang='lat' dir='ltr'><strong>quorundam</strong></span> <span class='ocrx_word' id='word_1_228' title='bbox 1087 2323 1285 2402; x_wconf 85' lang='lat' dir='ltr'><strong>hujuscemodi</strong></span> <span class='ocrx_word' id='word_1_229' title='bbox 1303 2342 1355 2381; x_wconf 90' lang='lat' dir='ltr'><strong>no-</strong></span> 
     </span>
     <span class='ocr_line' id='line_1_26' title="bbox 216 2401 1355 2488; baseline 0.002 -25"><span class='ocrx_word' id='word_1_230' title='bbox 216 2401 322 2464; x_wconf 86' lang='lat' dir='ltr'><strong>minum</strong></span> <span class='ocrx_word' id='word_1_231' title='bbox 344 2404 497 2480; x_wconf 84' lang='lat' dir='ltr'><strong>genitivum</strong></span> <span class='ocrx_word' id='word_1_232' title='bbox 518 2404 547 2461; x_wconf 94' lang='lat' dir='ltr'><strong>in</strong></span> <span class='ocrx_word' id='word_1_233' title='bbox 569 2402 619 2479; x_wconf 73' lang='grc' dir='ltr'><strong>ἷὸξ</strong></span> <span class='ocrx_word' id='word_1_234' title='bbox 646 2408 827 2465; x_wconf 89' lang='lat' dir='ltr'><strong>terminatum</strong></span> <span class='ocrx_word' id='word_1_235' title='bbox 846 2409 961 2468; x_wconf 85' lang='lat' dir='ltr'><strong>multam</strong></span> <span class='ocrx_word' id='word_1_236' title='bbox 981 2410 1088 2469; x_wconf 89' lang='lat' dir='ltr'><strong>habere</strong></span> <span class='ocrx_word' id='word_1_237' title='bbox 1108 2408 1313 2488; x_wconf 88' lang='lat' dir='ltr'><strong>suspicionem,</strong></span> <span class='ocrx_word' id='word_1_238' title='bbox 1332 2408 1355 2468; x_wconf 91' lang='lat' dir='ltr'><strong>si</strong></span> 
     </span>
     <span class='ocr_line' id='line_1_27' title="bbox 217 2489 1356 2568; baseline 0.004 -21"><span class='ocrx_word' id='word_1_239' title='bbox 217 2489 453 2563; x_wconf 86' lang='lat' dir='ltr'><strong>consideraveris,</strong></span> <span class='ocrx_word' id='word_1_240' title='bbox 470 2490 499 2546; x_wconf 93' lang='lat' dir='ltr'><strong>in</strong></span> <span class='ocrx_word' id='word_1_241' title='bbox 517 2490 688 2564; x_wconf 81' lang='lat' dir='ltr'><strong>nominibus,</strong></span> <span class='ocrx_word' id='word_1_242' title='bbox 711 2510 784 2568; x_wconf 90' lang='lat' dir='ltr'><strong>quae</strong></span> <span class='ocrx_word' id='word_1_243' title='bbox 803 2495 915 2552; x_wconf 88' lang='lat' dir='ltr'><strong>tertiam</strong></span> <span class='ocrx_word' id='word_1_244' title='bbox 935 2504 1034 2553; x_wconf 85' lang='lat' dir='ltr'><strong>secuta</strong></span> <span class='ocrx_word' id='word_1_245' title='bbox 1055 2514 1121 2553; x_wconf 86' lang='lat' dir='ltr'><strong>esso</strong></span> <span class='ocrx_word' id='word_1_246' title='bbox 1137 2495 1356 2553; x_wconf 86' lang='lat' dir='ltr'><strong>declinationem</strong></span> 
     </span>
     <span class='ocr_line' id='line_1_28' title="bbox 218 2575 1357 2655; baseline 0.004 -24"><span class='ocrx_word' id='word_1_247' title='bbox 218 2575 292 2631; x_wconf 88' lang='lat' dir='ltr'><strong>inter</strong></span> <span class='ocrx_word' id='word_1_248' title='bbox 313 2592 412 2630; x_wconf 87' lang='lat' dir='ltr'><strong>omnes</strong></span> <span class='ocrx_word' id='word_1_249' title='bbox 435 2579 557 2648; x_wconf 84' lang='lat' dir='ltr'><strong>constat,</strong></span> <span class='ocrx_word' id='word_1_250' title='bbox 578 2576 745 2652; x_wconf 88' lang='lat' dir='ltr'><strong>saepissime</strong></span> <span class='ocrx_word' id='word_1_251' title='bbox 762 2576 835 2635; x_wconf 88' lang='lat' dir='ltr'><strong>hanc</strong></span> <span class='ocrx_word' id='word_1_252' title='bbox 844 2579 969 2637; x_wconf 79' lang='lat' dir='ltr'><strong>Ionicum</strong></span> <span class='ocrx_word' id='word_1_253' title='bbox 989 2580 1107 2655; x_wconf 77' lang='lat' dir='ltr'><strong>genitivi</strong></span> <span class='ocrx_word' id='word_1_254' title='bbox 1129 2579 1357 2637; x_wconf 89' lang='lat' dir='ltr'><strong>terminationem</strong></span> 
     </span>
     <span class='ocr_line' id='line_1_29' title="bbox 217 2656 1356 2737; baseline 0.003 -21"><span class='ocrx_word' id='word_1_255' title='bbox 217 2656 378 2716; x_wconf 90' lang='lat' dir='ltr'><strong>alibrariis</strong></span> <span class='ocrx_word' id='word_1_256' title='bbox 399 2658 427 2714; x_wconf 93' lang='lat' dir='ltr'><strong>in</strong></span> <span class='ocrx_word' id='word_1_257' title='bbox 449 2658 594 2733; x_wconf 77' lang='lat' dir='ltr'><strong>vulgarem</strong></span> <span class='ocrx_word' id='word_1_258' title='bbox 615 2678 648 2717; x_wconf 88' lang='lat' dir='ltr'><strong>ac</strong></span> <span class='ocrx_word' id='word_1_259' title='bbox 670 2666 846 2722; x_wconf 90' lang='lat' dir='ltr'><strong>contractam</strong></span> <span class='ocrx_word' id='word_1_260' title='bbox 873 2683 938 2721; x_wconf 89' lang='lat' dir='ltr'><strong>esse</strong></span> <span class='ocrx_word' id='word_1_261' title='bbox 969 2671 1120 2737; x_wconf 90' lang='lat' dir='ltr'><strong>mutatam,</strong></span> <span class='ocrx_word' id='word_1_262' title='bbox 1152 2664 1181 2720; x_wconf 93' lang='lat' dir='ltr'><strong>in</strong></span> <span class='ocrx_word' id='word_1_263' title='bbox 1210 2663 1274 2720; x_wconf 86' lang='lat' dir='ltr'><strong>illis</strong></span> <span class='ocrx_word' id='word_1_264' title='bbox 1288 2680 1356 2720; x_wconf 87' lang='lat' dir='ltr'><strong>vero</strong></span> 
     </span>
     <span class='ocr_line' id='line_1_30' title="bbox 216 2741 1355 2825; baseline 0.004 -26"><span class='ocrx_word' id='word_1_265' title='bbox 216 2742 325 2821; x_wconf 89' lang='lat' dir='ltr'><strong>primae</strong></span> <span class='ocrx_word' id='word_1_266' title='bbox 348 2741 544 2801; x_wconf 85' lang='lat' dir='ltr'><strong>declinationis</strong></span> <span class='ocrx_word' id='word_1_267' title='bbox 565 2749 615 2803; x_wconf 87' lang='lat' dir='ltr'><strong>aut</strong></span> <span class='ocrx_word' id='word_1_268' title='bbox 632 2765 774 2822; x_wconf 88' lang='lat' dir='ltr'><strong>uunquam</strong></span> <span class='ocrx_word' id='word_1_269' title='bbox 795 2756 845 2805; x_wconf 85' lang='lat' dir='ltr'><strong>aut</strong></span> <span class='ocrx_word' id='word_1_270' title='bbox 866 2768 927 2805; x_wconf 89' lang='lat' dir='ltr'><strong>cum</strong></span> <span class='ocrx_word' id='word_1_271' title='bbox 949 2746 1007 2821; x_wconf 60' lang='grc' dir='ltr'><strong>ἑᾶς</strong></span> <span class='ocrx_word' id='word_1_272' title='bbox 1025 2752 1222 2825; x_wconf 89' lang='lat' dir='ltr'><strong>permutatam.</strong></span> <span class='ocrx_word' id='word_1_273' title='bbox 1269 2746 1355 2816; x_wconf 82' lang='lat' dir='ltr'><strong>Quod</strong></span> 
     </span>
    </p>
   </div>
   <div class='ocr_carea' id='block_1_3' title="bbox 94 2828 1355 2910">
    <p class='ocr_par' dir='ltr' id='par_1_3' title="bbox 94 2828 1355 2910">
     <span class='ocr_line' id='line_1_31' title="bbox 94 2828 1355 2910; baseline 0.002 -26"><span class='ocrx_word' id='word_1_274' title='bbox 94 2847 97 2852; x_wconf 73' lang='grc'>’</span> <span class='ocrx_word' id='word_1_275' title='bbox 216 2832 366 2903; x_wconf 88' lang='lat' dir='ltr'><strong>utrumque</strong></span> <span class='ocrx_word' id='word_1_276' title='bbox 382 2846 436 2884; x_wconf 88' lang='lat' dir='ltr'><strong>nos</strong></span> <span class='ocrx_word' id='word_1_277' title='bbox 451 2828 541 2905; x_wconf 82' lang='lat' dir='ltr'><strong>magis</strong></span> <span class='ocrx_word' id='word_1_278' title='bbox 556 2830 591 2886; x_wconf 91' lang='lat' dir='ltr'><strong>ad</strong></span> <span class='ocrx_word' id='word_1_279' title='bbox 608 2831 834 2890; x_wconf 75' lang='lat' dir='ltr'><strong>terminationem</strong></span> <span class='ocrx_word' id='word_1_280' title='bbox 849 2832 886 2896; x_wconf 67' lang='lat' dir='ltr'><strong>{Ia</strong></span> <span class='ocrx_word' id='word_1_281' title='bbox 897 2852 982 2909; x_wconf 89' lang='lat' dir='ltr'><strong>quam</strong></span> <span class='ocrx_word' id='word_1_282' title='bbox 994 2834 1041 2908; x_wconf 65' lang='grc' dir='ltr'><strong>ἐἷς</strong></span> <span class='ocrx_word' id='word_1_283' title='bbox 1051 2836 1154 2892; x_wconf 85' lang='lat' dir='ltr'><strong>docere</strong></span> <span class='ocrx_word' id='word_1_284' title='bbox 1165 2849 1254 2910; x_wconf 88' lang='lat' dir='ltr'><strong>posse</strong></span> <span class='ocrx_word' id='word_1_285' title='bbox 1263 2838 1355 2908; x_wconf 82' lang='lat' dir='ltr'><strong>patet,</strong></span> 
     </span>
    </p>
   </div>
   <div class='ocr_carea' id='block_1_4' title="bbox 216 2912 1357 3579">
    <p class='ocr_par' dir='ltr' id='par_1_4' title="bbox 216 2912 1357 3579">
     <span class='ocr_line' id='line_1_32' title="bbox 302 2912 1357 2996; baseline 0.004 -27"><span class='ocrx_word' id='word_1_286' title='bbox 302 2912 355 2969; x_wconf 88' lang='lat' dir='ltr'><strong>His</strong></span> <span class='ocrx_word' id='word_1_287' title='bbox 378 2912 465 2988; x_wconf 80' lang='lat' dir='ltr'><strong>igitur</strong></span> <span class='ocrx_word' id='word_1_288' title='bbox 484 2914 647 2990; x_wconf 88' lang='lat' dir='ltr'><strong>praemissis</strong></span> <span class='ocrx_word' id='word_1_289' title='bbox 664 2916 703 2974; x_wconf 72' lang='lat' dir='ltr'><strong>,ad</strong></span> <span class='ocrx_word' id='word_1_290' title='bbox 724 2916 837 2991; x_wconf 87' lang='lat' dir='ltr'><strong>singula</strong></span> <span class='ocrx_word' id='word_1_291' title='bbox 857 2937 988 2996; x_wconf 86' lang='lat' dir='ltr'><strong>quaeque</strong></span> <span class='ocrx_word' id='word_1_292' title='bbox 1005 2918 1213 2977; x_wconf 86' lang='lat' dir='ltr'><strong>consideranda</strong></span> <span class='ocrx_word' id='word_1_293' title='bbox 1234 2917 1357 2974; x_wconf 89' lang='lat' dir='ltr'><strong>acceda-</strong></span> 
     </span>
     <span class='ocr_line' id='line_1_33' title="bbox 216 2996 1357 3080; baseline 0.004 -27"><span class='ocrx_word' id='word_1_294' title='bbox 216 3014 290 3053; x_wconf 88' lang='lat' dir='ltr'><strong>mus.</strong></span> <span class='ocrx_word' id='word_1_295' title='bbox 334 2996 371 3052; x_wconf 87' lang='lat' dir='ltr'><strong>Et</strong></span> <span class='ocrx_word' id='word_1_296' title='bbox 394 2996 506 3054; x_wconf 90' lang='lat' dir='ltr'><strong>nomina</strong></span> <span class='ocrx_word' id='word_1_297' title='bbox 527 3000 721 3076; x_wconf 88' lang='lat' dir='ltr'><strong>patronymica</strong></span> <span class='ocrx_word' id='word_1_298' title='bbox 743 3001 859 3075; x_wconf 89' lang='lat' dir='ltr'><strong>quidem</strong></span> <span class='ocrx_word' id='word_1_299' title='bbox 876 3003 918 3060; x_wconf 86' lang='lat' dir='ltr'><strong>vel</strong></span> <span class='ocrx_word' id='word_1_300' title='bbox 941 3022 992 3078; x_wconf 86' lang='lat' dir='ltr'><strong>ea,</strong></span> <span class='ocrx_word' id='word_1_301' title='bbox 1019 3023 1093 3080; x_wconf 89' lang='lat' dir='ltr'><strong>quae</strong></span> <span class='ocrx_word' id='word_1_302' title='bbox 1112 3002 1232 3059; x_wconf 79' lang='lat' dir='ltr'><strong>formam</strong></span> <span class='ocrx_word' id='word_1_303' title='bbox 1251 3000 1357 3058; x_wconf 80' lang='lat' dir='ltr'><strong>habent</strong></span> 
     </span>
     <span class='ocr_line' id='line_1_34' title="bbox 216 3077 1357 3164; baseline 0.007 -30"><span class='ocrx_word' id='word_1_304' title='bbox 216 3080 475 3157; x_wconf 79' lang='lat' dir='ltr'><strong>patronymicorum</strong></span> <span class='ocrx_word' id='word_1_305' title='bbox 508 3086 537 3139; x_wconf 89' lang='lat' dir='ltr'><strong>et</strong></span> <span class='ocrx_word' id='word_1_306' title='bbox 567 3082 595 3138; x_wconf 91' lang='lat' dir='ltr'><strong>in</strong></span> <span class='ocrx_word' id='word_1_307' title='bbox 628 3082 710 3159; x_wconf 80' lang='grc' dir='ltr'><em>ίὸης,</em></span> <span class='ocrx_word' id='word_1_308' title='bbox 753 3077 829 3161; x_wconf 73' lang='grc' dir='ltr'><em>ἁδης</em></span> <span class='ocrx_word' id='word_1_309' title='bbox 859 3088 1062 3164; x_wconf 89' lang='lat' dir='ltr'><strong>terminantur,</strong></span> <span class='ocrx_word' id='word_1_310' title='bbox 1093 3091 1205 3158; x_wconf 83' lang='lat' dir='ltr'><strong>constat</strong></span> <span class='ocrx_word' id='word_1_311' title='bbox 1235 3085 1357 3163; x_wconf 87' lang='lat' dir='ltr'><strong>primam</strong></span> 
     </span>
     <span class='ocr_line' id='line_1_35' title="bbox 217 3158 1356 3248; baseline 0.009 -28"><span class='ocrx_word' id='word_1_312' title='bbox 217 3169 316 3220; x_wconf 84' lang='lat' dir='ltr'><strong>secuta</strong></span> <span class='ocrx_word' id='word_1_313' title='bbox 337 3182 401 3222; x_wconf 88' lang='lat' dir='ltr'><strong>esse</strong></span> <span class='ocrx_word' id='word_1_314' title='bbox 429 3162 665 3225; x_wconf 86' lang='lat' dir='ltr'><strong>declinationem:</strong></span> <span class='ocrx_word' id='word_1_315' title='bbox 694 3158 937 3247; x_wconf 78' lang='grc' dir='ltr'><em>Ἀριστολαΐδης,</em></span> <span class='ocrx_word' id='word_1_316' title='bbox 959 3174 1017 3233; x_wconf 86' lang='grc' dir='ltr'><strong>δεω</strong></span> <span class='ocrx_word' id='word_1_317' title='bbox 1037 3171 1060 3229; x_wconf 92' lang='grc'><strong>1.</strong></span> <span class='ocrx_word' id='word_1_318' title='bbox 1083 3177 1126 3231; x_wconf 89' lang='grc'><strong>59.</strong></span> <span class='ocrx_word' id='word_1_319' title='bbox 1163 3169 1356 3248; x_wconf 77' lang='grc' dir='ltr'><em>Βασιληΐδης,</em></span> 
     </span>
     <span class='ocr_line' id='line_1_36' title="bbox 217 3247 1356 3336; baseline 0.005 -29"><span class='ocrx_word' id='word_1_320' title='bbox 217 3247 277 3308; x_wconf 82' lang='grc' dir='ltr'><strong>δεω</strong></span> <span class='ocrx_word' id='word_1_321' title='bbox 299 3247 374 3305; x_wconf 91' lang='lat' dir='ltr'><strong>VIII.</strong></span> <span class='ocrx_word' id='word_1_322' title='bbox 393 3254 454 3308; x_wconf 85' lang='grc'><strong>132.</strong></span> <span class='ocrx_word' id='word_1_323' title='bbox 488 3251 663 3328; x_wconf 82' lang='grc' dir='ltr'><em>Λεωνίδης,</em></span> <span class='ocrx_word' id='word_1_324' title='bbox 690 3252 764 3324; x_wconf 84' lang='grc' dir='ltr'><em>δεω,</em></span> <span class='ocrx_word' id='word_1_325' title='bbox 788 3255 826 3336; x_wconf 84' lang='grc' dir='ltr'><strong>δη</strong></span> <span class='ocrx_word' id='word_1_326' title='bbox 848 3252 923 3336; x_wconf 87' lang='lat' dir='ltr'><strong>(VII.</strong></span> <span class='ocrx_word' id='word_1_327' title='bbox 945 3260 997 3315; x_wconf 88' lang='grc'><strong>217</strong></span> <span class='ocrx_word' id='word_1_328' title='bbox 1020 3276 1085 3333; x_wconf 86' lang='lat' dir='ltr'><strong>sqq.</strong></span> <span class='ocrx_word' id='word_1_329' title='bbox 1113 3258 1164 3315; x_wconf 86' lang='grc'><strong>225</strong></span> <span class='ocrx_word' id='word_1_330' title='bbox 1183 3273 1251 3330; x_wconf 86' lang='lat' dir='ltr'><strong>sqq.</strong></span> <span class='ocrx_word' id='word_1_331' title='bbox 1277 3253 1356 3311; x_wconf 84' lang='lat' dir='ltr'><strong>VIII.</strong></span> 
     </span>
     <span class='ocr_line' id='line_1_37' title="bbox 216 3332 1357 3420; baseline 0.009 -30"><span class='ocrx_word' id='word_1_332' title='bbox 216 3336 407 3397; x_wconf 68' lang='grc'><strong>21114515.</strong></span> <span class='ocrx_word' id='word_1_333' title='bbox 429 3332 497 3410; x_wconf 90' lang='lat' dir='ltr'><strong>etc.)</strong></span> <span class='ocrx_word' id='word_1_334' title='bbox 531 3334 688 3394; x_wconf 82' lang='grc' dir='ltr'><em>Λευυίδεα</em></span> <span class='ocrx_word' id='word_1_335' title='bbox 708 3334 784 3391; x_wconf 90' lang='lat' dir='ltr'><strong>VIII.</strong></span> <span class='ocrx_word' id='word_1_336' title='bbox 807 3345 840 3396; x_wconf 91' lang='grc'><strong>15</strong></span> <span class='ocrx_word' id='word_1_337' title='bbox 862 3340 938 3418; x_wconf 79' lang='lat' dir='ltr'><strong>vulg.</strong></span> <span class='ocrx_word' id='word_1_338' title='bbox 957 3340 1030 3420; x_wconf 80' lang='grc' dir='ltr'><strong>(δην</strong></span> <span class='ocrx_word' id='word_1_339' title='bbox 1052 3341 1088 3398; x_wconf 88' lang='grc' dir='ltr'><strong>Κ.</strong></span> <span class='ocrx_word' id='word_1_340' title='bbox 1110 3339 1160 3419; x_wconf 86' lang='lat' dir='ltr'><strong>F.)</strong></span> <span class='ocrx_word' id='word_1_341' title='bbox 1180 3345 1216 3397; x_wconf 87' lang='grc'><strong>21</strong></span> <span class='ocrx_word' id='word_1_342' title='bbox 1238 3339 1357 3399; x_wconf 77' lang='grc' dir='ltr'><em>Λεωίί·</em></span> 
     </span>
     <span class='ocr_line' id='line_1_38' title="bbox 218 3414 1357 3501; baseline 0.006 -25"><span class='ocrx_word' id='word_1_343' title='bbox 218 3416 272 3477; x_wconf 82' lang='grc' dir='ltr'><strong>δεα</strong></span> <span class='ocrx_word' id='word_1_344' title='bbox 291 3416 367 3492; x_wconf 84' lang='lat' dir='ltr'><strong>vulg.</strong></span> <span class='ocrx_word' id='word_1_345' title='bbox 388 3414 460 3493; x_wconf 87' lang='grc' dir='ltr'><em>(δηυ</em></span> <span class='ocrx_word' id='word_1_346' title='bbox 480 3414 529 3480; x_wconf 68' lang='lat' dir='ltr'><strong>El</strong></span> <span class='ocrx_word' id='word_1_347' title='bbox 548 3420 581 3475; x_wconf 88' lang='grc'><strong>71</strong></span> <span class='ocrx_word' id='word_1_348' title='bbox 600 3417 677 3494; x_wconf 86' lang='lat' dir='ltr'><strong>vulg.</strong></span> <span class='ocrx_word' id='word_1_349' title='bbox 701 3437 763 3478; x_wconf 90' lang='lat' dir='ltr'><strong>cum</strong></span> <span class='ocrx_word' id='word_1_350' title='bbox 782 3422 814 3485; x_wconf 84' lang='lat' dir='ltr'><strong>S.</strong></span> <span class='ocrx_word' id='word_1_351' title='bbox 829 3421 868 3484; x_wconf 83' lang='lat' dir='ltr'><strong>V.</strong></span> <span class='ocrx_word' id='word_1_352' title='bbox 893 3423 948 3480; x_wconf 77' lang='lat' dir='ltr'><strong>Alii</strong></span> <span class='ocrx_word' id='word_1_353' title='bbox 966 3426 1032 3501; x_wconf 81' lang='grc' dir='ltr'><strong>δην.</strong></span> <span class='ocrx_word' id='word_1_354' title='bbox 1065 3425 1126 3482; x_wconf 85' lang='lat' dir='ltr'><strong>Sed</strong></span> <span class='ocrx_word' id='word_1_355' title='bbox 1149 3441 1249 3481; x_wconf 90' lang='lat' dir='ltr'><strong>omnes</strong></span> <span class='ocrx_word' id='word_1_356' title='bbox 1268 3432 1357 3485; x_wconf 83' lang='lat' dir='ltr'><strong>Aeo·</strong></span> 
     </span>
     <span class='ocr_line' id='line_1_39' title="bbox 217 3499 1357 3579; baseline 0.004 -17"><span class='ocrx_word' id='word_1_357' title='bbox 217 3499 309 3579; x_wconf 88' lang='grc' dir='ltr'><em>υίδηυ</em></span> <span class='ocrx_word' id='word_1_358' title='bbox 328 3500 522 3578; x_wconf 88' lang='lat' dir='ltr'><strong>praebuerunt</strong></span> <span class='ocrx_word' id='word_1_359' title='bbox 541 3501 578 3559; x_wconf 88' lang='lat' dir='ltr'><strong>V.</strong></span> <span class='ocrx_word' id='word_1_360' title='bbox 598 3507 641 3565; x_wconf 80' lang='lat'><strong>41,</strong></span> <span class='ocrx_word' id='word_1_361' title='bbox 660 3502 723 3565; x_wconf 91' lang='lat' dir='ltr'><strong>VII.</strong></span> <span class='ocrx_word' id='word_1_362' title='bbox 745 3511 807 3563; x_wconf 87' lang='grc'><strong>205.</strong></span> <span class='ocrx_word' id='word_1_363' title='bbox 828 3512 889 3567; x_wconf 88' lang='grc'><strong>296.</strong></span> <span class='ocrx_word' id='word_1_364' title='bbox 901 3514 965 3567; x_wconf 87' lang='grc'><strong>220</strong></span> <span class='ocrx_word' id='word_1_365' title='bbox 988 3509 1041 3568; x_wconf 89' lang='lat' dir='ltr'><strong>bis.</strong></span> <span class='ocrx_word' id='word_1_366' title='bbox 1072 3515 1133 3568; x_wconf 90' lang='grc'><strong>222.</strong></span> <span class='ocrx_word' id='word_1_367' title='bbox 1150 3512 1212 3566; x_wconf 84' lang='grc'><strong>223.</strong></span> <span class='ocrx_word' id='word_1_368' title='bbox 1242 3507 1292 3569; x_wconf 90' lang='grc' dir='ltr'><strong>ΙΧ.</strong></span> <span class='ocrx_word' id='word_1_369' title='bbox 1312 3513 1357 3567; x_wconf 80' lang='lat'><strong>64.</strong></span> 
     </span>
    </p>
   </div>
   <div class='ocr_carea' id='block_1_5' title="bbox 113 3581 1395 3670">
    <p class='ocr_par' dir='ltr' id='par_1_5' title="bbox 113 3581 1395 3670">
     <span class='ocr_line' id='line_1_40' title="bbox 113 3581 1395 3670; baseline 0.008 -27"><span class='ocrx_word' id='word_1_370' title='bbox 113 3601 117 3606; x_wconf 75' lang='lat'><strong>·</strong></span> <span class='ocrx_word' id='word_1_371' title='bbox 219 3588 263 3644; x_wconf 91' lang='grc'><strong>78.</strong></span> <span class='ocrx_word' id='word_1_372' title='bbox 286 3617 329 3628; x_wconf 93' lang='lat'><em>-</em></span> <span class='ocrx_word' id='word_1_373' title='bbox 363 3585 477 3658; x_wconf 80' lang='grc' dir='ltr'><em>Μίδης,</em></span> <span class='ocrx_word' id='word_1_374' title='bbox 497 3584 555 3662; x_wconf 83' lang='grc' dir='ltr'><strong>δην</strong></span> <span class='ocrx_word' id='word_1_375' title='bbox 573 3585 595 3649; x_wconf 85' lang='grc'><strong>1.</strong></span> <span class='ocrx_word' id='word_1_376' title='bbox 620 3592 662 3650; x_wconf 75' lang='lat'><strong>14.</strong></span> <span class='ocrx_word' id='word_1_377' title='bbox 679 3581 782 3667; x_wconf 80' lang='grc' dir='ltr'><em>Ἀΐδην</em></span> <span class='ocrx_word' id='word_1_378' title='bbox 803 3589 840 3648; x_wconf 86' lang='lat' dir='ltr'><strong>II.</strong></span> <span class='ocrx_word' id='word_1_379' title='bbox 862 3598 923 3651; x_wconf 85' lang='grc'><strong>122.</strong></span> <span class='ocrx_word' id='word_1_380' title='bbox 945 3583 1132 3670; x_wconf 72' lang='grc' dir='ltr'><em>Εδαλυίδης,</em></span> <span class='ocrx_word' id='word_1_381' title='bbox 1155 3591 1209 3652; x_wconf 79' lang='lat' dir='ltr'><strong>den</strong></span> <span class='ocrx_word' id='word_1_382' title='bbox 1232 3593 1267 3650; x_wconf 91' lang='lat' dir='ltr'><strong>V.</strong></span> <span class='ocrx_word' id='word_1_383' title='bbox 1292 3599 1355 3652; x_wconf 87' lang='grc'><strong>192.</strong></span> <span class='ocrx_word' id='word_1_384' title='bbox 1389 3593 1395 3601; x_wconf 83' lang='grc'><strong>’</strong></span> 
     </span>
    </p>
   </div>
   <div class='ocr_carea' id='block_1_6' title="bbox 217 3666 1451 3924">
    <p class='ocr_par' dir='ltr' id='par_1_6' title="bbox 217 3666 1451 3924">
     <span class='ocr_line' id='line_1_41' title="bbox 218 3666 1355 3759; baseline 0.01 -32"><span class='ocrx_word' id='word_1_385' title='bbox 218 3668 292 3745; x_wconf 87' lang='grc' dir='ltr'><em>(δην</em></span> <span class='ocrx_word' id='word_1_386' title='bbox 313 3667 352 3723; x_wconf 87' lang='grc' dir='ltr'><strong>Μ.</strong></span> <span class='ocrx_word' id='word_1_387' title='bbox 370 3666 404 3723; x_wconf 88' lang='grc' dir='ltr'><strong>Ρ.</strong></span> <span class='ocrx_word' id='word_1_388' title='bbox 425 3667 463 3725; x_wconf 91' lang='grc' dir='ltr'><strong>Κ.</strong></span> <span class='ocrx_word' id='word_1_389' title='bbox 484 3667 517 3726; x_wconf 74' lang='lat' dir='ltr'><strong>F.</strong></span> <span class='ocrx_word' id='word_1_390' title='bbox 537 3669 572 3730; x_wconf 80' lang='lat' dir='ltr'><strong>A.</strong></span> <span class='ocrx_word' id='word_1_391' title='bbox 590 3669 639 3748; x_wconf 89' lang='grc' dir='ltr'><strong>Β.)</strong></span> <span class='ocrx_word' id='word_1_392' title='bbox 677 3675 873 3753; x_wconf 77' lang='grc' dir='ltr'><em>Φιλιππίδης,</em></span> <span class='ocrx_word' id='word_1_393' title='bbox 896 3676 954 3737; x_wconf 84' lang='grc' dir='ltr'><strong>δεω</strong></span> <span class='ocrx_word' id='word_1_394' title='bbox 972 3679 1037 3755; x_wconf 83' lang='lat' dir='ltr'><strong>(VI.</strong></span> <span class='ocrx_word' id='word_1_395' title='bbox 1055 3678 1124 3752; x_wconf 81' lang='grc'><strong>105)</strong></span> <span class='ocrx_word' id='word_1_396' title='bbox 1144 3676 1201 3752; x_wconf 84' lang='grc' dir='ltr'><strong>δην</strong></span> <span class='ocrx_word' id='word_1_397' title='bbox 1222 3676 1286 3735; x_wconf 92' lang='lat' dir='ltr'><strong>VII.</strong></span> <span class='ocrx_word' id='word_1_398' title='bbox 1306 3683 1355 3759; x_wconf 88' lang='grc'><strong>62.</strong></span> 
     </span>
     <span class='ocr_line' id='line_1_42' title="bbox 218 3753 1451 3841; baseline 0.006 -30"><span class='ocrx_word' id='word_1_399' title='bbox 218 3753 280 3812; x_wconf 91' lang='grc'><strong>117.</strong></span> <span class='ocrx_word' id='word_1_400' title='bbox 305 3782 342 3792; x_wconf 92' lang='grc'>-</span> <span class='ocrx_word' id='word_1_401' title='bbox 376 3754 574 3832; x_wconf 79' lang='grc' dir='ltr'><em>Λευτυχίδης,</em></span> <span class='ocrx_word' id='word_1_402' title='bbox 592 3756 660 3835; x_wconf 83' lang='lat' dir='ltr'><strong>deos,</strong></span> <span class='ocrx_word' id='word_1_403' title='bbox 683 3758 721 3841; x_wconf 87' lang='grc' dir='ltr'><strong>δη</strong></span> <span class='ocrx_word' id='word_1_404' title='bbox 745 3759 806 3836; x_wconf 79' lang='lat' dir='ltr'><strong>(VI.</strong></span> <span class='ocrx_word' id='word_1_405' title='bbox 825 3764 869 3819; x_wconf 89' lang='grc'><strong>65.</strong></span> <span class='ocrx_word' id='word_1_406' title='bbox 890 3765 932 3819; x_wconf 90' lang='grc'><strong>69.</strong></span> <span class='ocrx_word' id='word_1_407' title='bbox 956 3766 999 3823; x_wconf 91' lang='grc'><strong>71.</strong></span> <span class='ocrx_word' id='word_1_408' title='bbox 1021 3768 1065 3828; x_wconf 90' lang='grc'><strong>85.</strong></span> <span class='ocrx_word' id='word_1_409' title='bbox 1110 3759 1188 3818; x_wconf 86' lang='lat' dir='ltr'><strong>VllI.</strong></span> <span class='ocrx_word' id='word_1_410' title='bbox 1212 3765 1271 3820; x_wconf 84' lang='grc'><strong>131.</strong></span> <span class='ocrx_word' id='word_1_411' title='bbox 1305 3760 1356 3823; x_wconf 87' lang='grc' dir='ltr'><strong>1Χ.</strong></span> <span class='ocrx_word' id='word_1_412' title='bbox 1445 3761 1451 3775; x_wconf 85' lang='grc'><em>“</em></span> 
     </span>
     <span class='ocr_line' id='line_1_43' title="bbox 217 3833 1357 3924; baseline 0.004 -27"><span class='ocrx_word' id='word_1_413' title='bbox 217 3842 261 3897; x_wconf 89' lang='lat'><strong>90.</strong></span> <span class='ocrx_word' id='word_1_414' title='bbox 283 3833 343 3912; x_wconf 88' lang='grc'><strong>99.)</strong></span> <span class='ocrx_word' id='word_1_415' title='bbox 372 3834 425 3897; x_wconf 80' lang='lat' dir='ltr'><strong>dea</strong></span> <span class='ocrx_word' id='word_1_416' title='bbox 446 3836 494 3900; x_wconf 91' lang='lat' dir='ltr'><strong>VI.</strong></span> <span class='ocrx_word' id='word_1_417' title='bbox 514 3843 557 3900; x_wconf 89' lang='grc'><strong>65.</strong></span> <span class='ocrx_word' id='word_1_418' title='bbox 579 3839 651 3920; x_wconf 89' lang='grc' dir='ltr'><em>(δηυ</em></span> <span class='ocrx_word' id='word_1_419' title='bbox 673 3844 717 3915; x_wconf 70' lang='lat' dir='ltr'><strong>S.)</strong></span> <span class='ocrx_word' id='word_1_420' title='bbox 749 3846 792 3903; x_wconf 85' lang='grc'><strong>73.</strong></span> <span class='ocrx_word' id='word_1_421' title='bbox 826 3845 898 3923; x_wconf 84' lang='grc' dir='ltr'><strong>(δην</strong></span> <span class='ocrx_word' id='word_1_422' title='bbox 918 3845 965 3924; x_wconf 89' lang='lat' dir='ltr'><strong>S.)</strong></span> <span class='ocrx_word' id='word_1_423' title='bbox 981 3852 1018 3907; x_wconf 84' lang='grc'><strong>85</strong></span> <span class='ocrx_word' id='word_1_424' title='bbox 1038 3847 1092 3905; x_wconf 87' lang='lat' dir='ltr'><strong>bis.</strong></span> <span class='ocrx_word' id='word_1_425' title='bbox 1124 3843 1201 3904; x_wconf 90' lang='lat' dir='ltr'><strong>VIII.</strong></span> <span class='ocrx_word' id='word_1_426' title='bbox 1225 3843 1287 3904; x_wconf 79' lang='lat'><strong>131.</strong></span> <span class='ocrx_word' id='word_1_427' title='bbox 1306 3845 1357 3903; x_wconf 84' lang='lat' dir='ltr'><strong>lx.</strong></span> 
     </span>
    </p>
   </div>
   <div class='ocr_carea' id='block_1_7' title="bbox 207 4065 1358 4344">
    <p class='ocr_par' dir='ltr' id='par_1_7' title="bbox 207 4065 1358 4344">
     <span class='ocr_line' id='line_1_44' title="bbox 217 4065 1357 4144; baseline 0.004 -15"><span class='ocrx_word' id='word_1_428' title='bbox 217 4065 360 4135; x_wconf 72' lang='grc' dir='ltr'><strong>Συοάκηυ.</strong></span> <span class='ocrx_word' id='word_1_429' title='bbox 377 4082 412 4119; x_wconf 82' lang='lat' dir='ltr'><strong>oo</strong></span> <span class='ocrx_word' id='word_1_430' title='bbox 430 4065 559 4135; x_wconf 80' lang='lat' dir='ltr'><strong>Polvaen.</strong></span> <span class='ocrx_word' id='word_1_431' title='bbox 578 4071 638 4128; x_wconf 84' lang='lat' dir='ltr'><strong>VII.</strong></span> <span class='ocrx_word' id='word_1_432' title='bbox 659 4073 701 4140; x_wconf 79' lang='lat'><strong>12,</strong></span> <span class='ocrx_word' id='word_1_433' title='bbox 721 4077 746 4128; x_wconf 88' lang='lat'><strong>1.</strong></span> <span class='ocrx_word' id='word_1_434' title='bbox 758 4089 794 4138; x_wconf 71' lang='grc' dir='ltr'><strong>-ς-</strong></span> <span class='ocrx_word' id='word_1_435' title='bbox 810 4074 890 4134; x_wconf 77' lang='lat' dir='ltr'><strong>Phor.</strong></span> <span class='ocrx_word' id='word_1_436' title='bbox 909 4076 928 4131; x_wconf 89' lang='lat'><strong>1.</strong></span> <span class='ocrx_word' id='word_1_437' title='bbox 946 4076 965 4131; x_wconf 82' lang='grc' dir='ltr'><strong>Ι.</strong></span> <span class='ocrx_word' id='word_1_438' title='bbox 982 4078 999 4141; x_wconf 74' lang='lat' dir='ltr'><strong>s</strong></span> <span class='ocrx_word' id='word_1_439' title='bbox 1018 4070 1200 4144; x_wconf 67' lang='lat' dir='ltr'><strong>obicione.</strong></span> <span class='ocrx_word' id='word_1_440' title='bbox 1219 4106 1256 4118; x_wconf 90' lang='lat'>-</span> <span class='ocrx_word' id='word_1_441' title='bbox 1272 4080 1357 4133; x_wconf 74' lang='lat' dir='ltr'><strong>orso·</strong></span> 
     </span>
     <span class='ocr_line' id='line_1_45' title="bbox 213 4132 1358 4235; baseline 0.012 -48"><span class='ocrx_word' id='word_1_442' title='bbox 213 4132 319 4202; x_wconf 78' lang='grc' dir='ltr'><em>κτήτου</em></span> <span class='ocrx_word' id='word_1_443' title='bbox 335 4135 472 4207; x_wconf 80' lang='lat' dir='ltr'><strong>Aristopb.</strong></span> <span class='ocrx_word' id='word_1_444' title='bbox 489 4136 603 4192; x_wconf 85' lang='lat' dir='ltr'><strong>Acbarn.</strong></span> <span class='ocrx_word' id='word_1_445' title='bbox 621 4140 684 4197; x_wconf 77' lang='lat'><strong>424.</strong></span> <span class='ocrx_word' id='word_1_446' title='bbox 701 4172 738 4182; x_wconf 92' lang='lat'><em>-</em></span> <span class='ocrx_word' id='word_1_447' title='bbox 764 4144 826 4218; x_wconf 79' lang='lat' dir='ltr'><strong>Sed</strong></span> <span class='ocrx_word' id='word_1_448' title='bbox 837 4145 934 4210; x_wconf 78' lang='lat' dir='ltr'><strong>tertiae</strong></span> <span class='ocrx_word' id='word_1_449' title='bbox 950 4146 1136 4200; x_wconf 82' lang='lat' dir='ltr'><strong>declinationis</strong></span> <span class='ocrx_word' id='word_1_450' title='bbox 1153 4155 1214 4199; x_wconf 86' lang='lat' dir='ltr'><strong>sunt</strong></span> <span class='ocrx_word' id='word_1_451' title='bbox 1228 4142 1358 4235; x_wconf 74' lang='lat' dir='ltr'><strong>’Aponium</strong></span> 
     </span>
     <span class='ocr_line' id='line_1_46' title="bbox 207 4201 1356 4286; baseline 0.016 -32"><span class='ocrx_word' id='word_1_452' title='bbox 207 4201 339 4286; x_wconf 48' lang='grc' dir='ltr'><strong>ἸΧυυοηίι.</strong></span> <span class='ocrx_word' id='word_1_453' title='bbox 355 4206 424 4260; x_wconf 81' lang='lat' dir='ltr'><strong>Heli.</strong></span> <span class='ocrx_word' id='word_1_454' title='bbox 442 4206 464 4273; x_wconf 88' lang='grc' dir='ltr'><strong>Ι,</strong></span> <span class='ocrx_word' id='word_1_455' title='bbox 480 4207 508 4273; x_wconf 81' lang='grc'><strong>3,</strong></span> <span class='ocrx_word' id='word_1_456' title='bbox 525 4208 567 4262; x_wconf 87' lang='grc'><strong>12.</strong></span> <span class='ocrx_word' id='word_1_457' title='bbox 598 4207 797 4284; x_wconf 73' lang='grc' dir='ltr'><em>Μευοστοίυης,</em></span> <span class='ocrx_word' id='word_1_458' title='bbox 814 4223 881 4275; x_wconf 68' lang='lat' dir='ltr'><strong>vobs</strong></span> <span class='ocrx_word' id='word_1_459' title='bbox 897 4213 975 4267; x_wconf 83' lang='lat' dir='ltr'><strong>Pbot.</strong></span> <span class='ocrx_word' id='word_1_460' title='bbox 991 4216 1069 4271; x_wconf 78' lang='lat' dir='ltr'><strong>ctas.</strong></span> <span class='ocrx_word' id='word_1_461' title='bbox 1090 4218 1108 4281; x_wconf 73' lang='lat' dir='ltr'><strong>s</strong></span> <span class='ocrx_word' id='word_1_462' title='bbox 1125 4216 1169 4271; x_wconf 73' lang='grc'><strong>49</strong></span> <span class='ocrx_word' id='word_1_463' title='bbox 1179 4216 1240 4282; x_wconf 82' lang='lat' dir='ltr'><strong>(alii</strong></span> <span class='ocrx_word' id='word_1_464' title='bbox 1262 4213 1356 4271; x_wconf 79' lang='lat' dir='ltr'><strong>Ooroi·</strong></span> 
     </span>
     <span class='ocr_line' id='line_1_47' title="bbox 215 4270 1163 4344; baseline 0.023 -23"><span class='ocrx_word' id='word_1_465' title='bbox 215 4270 297 4339; x_wconf 72' lang='grc' dir='ltr'><em>υυυς)</em></span> <span class='ocrx_word' id='word_1_466' title='bbox 317 4271 485 4344; x_wconf 75' lang='grc' dir='ltr'><em>Μευοστοίυη</em></span> <span class='ocrx_word' id='word_1_467' title='bbox 501 4279 518 4341; x_wconf 79' lang='lat' dir='ltr'><strong>s</strong></span> <span class='ocrx_word' id='word_1_468' title='bbox 535 4277 580 4332; x_wconf 75' lang='lat'><strong>45.</strong></span> <span class='ocrx_word' id='word_1_469' title='bbox 780 4323 783 4330; x_wconf 82' lang='grc'><em>,</em></span> <span class='ocrx_word' id='word_1_470' title='bbox 1159 4331 1163 4336; x_wconf 82' lang='grc'><strong>.</strong></span> 
     </span>
    </p>
   </div>
   <div class='ocr_carea' id='block_1_8' title="bbox 0 0 1482 4900">
    <p class='ocr_par' dir='ltr' id='par_1_8' title="bbox 0 0 1482 4900">
     <span class='ocr_line' id='line_1_48' title="bbox 0 0 1482 4900; baseline 0 0"><span class='ocrx_word' id='word_1_471' title='bbox 0 0 1482 4900; x_wconf 95' lang='lat' dir='ltr'><strong> </strong></span> 
     </span>
    </p>
   </div>
  </div>
 </body>
</html>
