<?xml version="1.0" encoding="UTF-8"?>
<!DOCTYPE html PUBLIC "-//W3C//DTD XHTML 1.0 Transitional//EN"
    "http://www.w3.org/TR/xhtml1/DTD/xhtml1-transitional.dtd">
<html xmlns="http://www.w3.org/1999/xhtml" xml:lang="en" lang="en">
 <head>
  <title>
</title>
<meta http-equiv="Content-Type" content="text/html;charset=utf-8" />
  <meta name='ocr-system' content='tesseract 3.04.00' />
  <meta name='ocr-capabilities' content='ocr_page ocr_carea ocr_par ocr_line ocrx_word'/>
</head>
<body>
  <div class='ocr_page' id='page_1' title='image "./quaestionumcrit02bredgoog/quaestionumcrit02bredgoog_0160.png"; bbox 0 0 2942 4900; ppageno 0'>
   <div class='ocr_carea' id='block_1_1' title="bbox 241 220 1060 306">
    <p class='ocr_par' dir='ltr' id='par_1_1' title="bbox 241 220 1060 306">
     <span class='ocr_line' id='line_1_1' title="bbox 241 220 1060 306; baseline -0.011 -19"><span class='ocrx_word' id='word_1_1' title='bbox 241 223 283 287; x_wconf 75' lang='lat' dir='ltr'><strong>ab</strong></span> <span class='ocrx_word' id='word_1_2' title='bbox 554 223 602 283; x_wconf 80' lang='lat' dir='ltr'><strong>be</strong></span> <span class='ocrx_word' id='word_1_3' title='bbox 622 220 935 306; x_wconf 60' lang='lat' dir='ltr'><strong>dialectodierddotea</strong></span> <span class='ocrx_word' id='word_1_4' title='bbox 956 221 1005 279; x_wconf 86' lang='lat' dir='ltr'><strong>lib.</strong></span> <span class='ocrx_word' id='word_1_5' title='bbox 1027 222 1060 281; x_wconf 79' lang='lat' dir='ltr'><strong>l.¹</strong></span> 
     </span>
    </p>
   </div>
   <div class='ocr_carea' id='block_1_2' title="bbox 169 384 1408 3939">
    <p class='ocr_par' dir='ltr' id='par_1_2' title="bbox 238 384 1385 1488">
     <span class='ocr_line' id='line_1_2' title="bbox 239 384 1375 474; baseline -0.003 -22"><span class='ocrx_word' id='word_1_6' title='bbox 239 396 336 474; x_wconf 90' lang='lat' dir='ltr'><strong>potius</strong></span> <span class='ocrx_word' id='word_1_7' title='bbox 356 393 556 471; x_wconf 76' lang='lat' dir='ltr'><strong>conjungenda</strong></span> <span class='ocrx_word' id='word_1_8' title='bbox 575 393 624 471; x_wconf 87' lang='lat' dir='ltr'><strong>sit,</strong></span> <span class='ocrx_word' id='word_1_9' title='bbox 644 410 703 458; x_wconf 84' lang='lat' dir='ltr'><strong>uon</strong></span> <span class='ocrx_word' id='word_1_10' title='bbox 720 410 782 449; x_wconf 89' lang='lat' dir='ltr'><strong>curn</strong></span> <span class='ocrx_word' id='word_1_11' title='bbox 799 384 924 460; x_wconf 60' lang='lat' dir='ltr'><strong>coriaco}</strong></span> <span class='ocrx_word' id='word_1_12' title='bbox 948 389 1026 465; x_wconf 78' lang='lat' dir='ltr'><strong>qaod</strong></span> <span class='ocrx_word' id='word_1_13' title='bbox 1046 405 1132 466; x_wconf 80' lang='lat' dir='ltr'><strong>qaum</strong></span> <span class='ocrx_word' id='word_1_14' title='bbox 1151 389 1212 449; x_wconf 80' lang='lat' dir='ltr'><strong>fleri</strong></span> <span class='ocrx_word' id='word_1_15' title='bbox 1232 389 1290 449; x_wconf 84' lang='lat' dir='ltr'><strong>lroc</strong></span> <span class='ocrx_word' id='word_1_16' title='bbox 1311 391 1375 450; x_wconf 87' lang='lat' dir='ltr'><strong>loeo</strong></span> 
     </span>
     <span class='ocr_line' id='line_1_3' title="bbox 240 474 1377 557; baseline -0.003 -19"><span class='ocrx_word' id='word_1_17' title='bbox 240 500 298 538; x_wconf 88' lang='lat' dir='ltr'><strong>uon</strong></span> <span class='ocrx_word' id='word_1_18' title='bbox 315 498 404 557; x_wconf 86' lang='lat' dir='ltr'><strong>posse</strong></span> <span class='ocrx_word' id='word_1_19' title='bbox 417 484 532 555; x_wconf 88' lang='lat' dir='ltr'><strong>pateat,</strong></span> <span class='ocrx_word' id='word_1_20' title='bbox 561 478 589 534; x_wconf 90' lang='lat' dir='ltr'><strong>iu</strong></span> <span class='ocrx_word' id='word_1_21' title='bbox 610 476 721 553; x_wconf 85' lang='lat' dir='ltr'><strong>vulgari</strong></span> <span class='ocrx_word' id='word_1_22' title='bbox 741 476 861 534; x_wconf 87' lang='lat' dir='ltr'><strong>istorum</strong></span> <span class='ocrx_word' id='word_1_23' title='bbox 882 474 1032 533; x_wconf 87' lang='lat' dir='ltr'><strong>verborum</strong></span> <span class='ocrx_word' id='word_1_24' title='bbox 1050 474 1237 533; x_wconf 69' lang='lat' dir='ltr'><strong>collocatione</strong></span> <span class='ocrx_word' id='word_1_25' title='bbox 1256 476 1377 552; x_wconf 86' lang='lat' dir='ltr'><strong>acquie-</strong></span> 
     </span>
     <span class='ocr_line' id='line_1_4' title="bbox 240 558 1375 639; baseline -0.004 -16"><span class='ocrx_word' id='word_1_26' title='bbox 240 564 376 623; x_wconf 84' lang='lat' dir='ltr'><strong>scendum</strong></span> <span class='ocrx_word' id='word_1_27' title='bbox 392 565 448 638; x_wconf 87' lang='lat' dir='ltr'><strong>est,</strong></span> <span class='ocrx_word' id='word_1_28' title='bbox 460 562 628 621; x_wconf 88' lang='lat' dir='ltr'><strong>confirmata</strong></span> <span class='ocrx_word' id='word_1_29' title='bbox 643 562 728 619; x_wconf 89' lang='lat' dir='ltr'><strong>etiam</strong></span> <span class='ocrx_word' id='word_1_30' title='bbox 744 559 876 636; x_wconf 81' lang='lat' dir='ltr'>Aeschyli</span> <span class='ocrx_word' id='word_1_31' title='bbox 891 559 1013 637; x_wconf 89' lang='lat' dir='ltr'><strong>quodam</strong></span> <span class='ocrx_word' id='word_1_32' title='bbox 1028 558 1102 632; x_wconf 85' lang='lat' dir='ltr'><strong>loco,</strong></span> <span class='ocrx_word' id='word_1_33' title='bbox 1117 561 1166 636; x_wconf 91' lang='lat' dir='ltr'><strong>qui</strong></span> <span class='ocrx_word' id='word_1_34' title='bbox 1181 565 1227 617; x_wconf 91' lang='lat' dir='ltr'><strong>est</strong></span> <span class='ocrx_word' id='word_1_35' title='bbox 1241 559 1375 639; x_wconf 83' lang='lat' dir='ltr'><strong>Cboepb.</strong></span> 
     </span>
     <span class='ocr_line' id='line_1_5' title="bbox 240 634 1385 730; baseline 0 -26"><span class='ocrx_word' id='word_1_36' title='bbox 240 660 284 706; x_wconf 80' lang='lat' dir='ltr'><strong>vs.</strong></span> <span class='ocrx_word' id='word_1_37' title='bbox 307 651 368 708; x_wconf 77' lang='grc'><strong>769.</strong></span> <span class='ocrx_word' id='word_1_38' title='bbox 391 647 472 726; x_wconf 73' lang='grc' dir='ltr'><strong><em>μέλει</em></strong></span> <span class='ocrx_word' id='word_1_39' title='bbox 491 652 609 709; x_wconf 81' lang='grc' dir='ltr'><strong><em>θεοῖσιν</em></strong></span> <span class='ocrx_word' id='word_1_40' title='bbox 631 634 730 723; x_wconf 74' lang='grc' dir='ltr'><strong><em>ὦνπερ</em></strong></span> <span class='ocrx_word' id='word_1_41' title='bbox 753 639 793 707; x_wconf 72' lang='lat' dir='ltr'><strong>do</strong></span> <span class='ocrx_word' id='word_1_42' title='bbox 814 642 887 730; x_wconf 71' lang='grc' dir='ltr'><strong><em>μέλῃ</em></strong></span> <span class='ocrx_word' id='word_1_43' title='bbox 908 643 987 720; x_wconf 77' lang='grc' dir='ltr'><strong><em>πέρι.</em></strong></span> <span class='ocrx_word' id='word_1_44' title='bbox 1012 675 1049 685; x_wconf 85' lang='grc'>-</span> <span class='ocrx_word' id='word_1_45' title='bbox 1075 643 1125 702; x_wconf 89' lang='lat' dir='ltr'><strong>Vl.</strong></span> <span class='ocrx_word' id='word_1_46' title='bbox 1149 647 1201 703; x_wconf 85' lang='lat'><strong>109</strong></span> <span class='ocrx_word' id='word_1_47' title='bbox 1221 645 1385 704; x_wconf 77' lang='lat' dir='ltr'><strong>ediderunt</strong></span> 
     </span>
     <span class='ocr_line' id='line_1_6' title="bbox 241 719 1377 811; baseline 0 -20"><span class='ocrx_word' id='word_1_48' title='bbox 241 732 333 792; x_wconf 83' lang='lat' dir='ltr'><strong>Gaisf.</strong></span> <span class='ocrx_word' id='word_1_49' title='bbox 356 731 393 796; x_wconf 87' lang='lat' dir='ltr'><strong>al.</strong></span> <span class='ocrx_word' id='word_1_50' title='bbox 418 752 482 790; x_wconf 91' lang='lat' dir='ltr'><strong>cum</strong></span> <span class='ocrx_word' id='word_1_51' title='bbox 501 734 534 789; x_wconf 89' lang='lat' dir='ltr'><strong>S.</strong></span> <span class='ocrx_word' id='word_1_52' title='bbox 557 732 590 793; x_wconf 83' lang='lat' dir='ltr'><strong>V.</strong></span> <span class='ocrx_word' id='word_1_53' title='bbox 613 730 684 790; x_wconf 89' lang='lat' dir='ltr'><strong>baec</strong></span> <span class='ocrx_word' id='word_1_54' title='bbox 705 729 794 788; x_wconf 82' lang='lat' dir='ltr'><strong>verba</strong></span> <span class='ocrx_word' id='word_1_55' title='bbox 815 730 858 788; x_wconf 90' lang='lat' dir='ltr'><strong>sic</strong></span> <span class='ocrx_word' id='word_1_56' title='bbox 878 729 1032 787; x_wconf 84' lang='lat' dir='ltr'><strong>collocata:</strong></span> <span class='ocrx_word' id='word_1_57' title='bbox 1054 719 1156 806; x_wconf 66' lang='grc' dir='ltr'><strong><em>ἡμέων</em></strong></span> <span class='ocrx_word' id='word_1_58' title='bbox 1178 730 1245 809; x_wconf 75' lang='grc' dir='ltr'><strong>δίχα</strong></span> <span class='ocrx_word' id='word_1_59' title='bbox 1269 729 1377 811; x_wconf 73' lang='grc' dir='ltr'><strong><em>μίνυν-</em></strong></span> 
     </span>
     <span class='ocr_line' id='line_1_7' title="bbox 240 799 1375 897; baseline -0.004 -18"><span class='ocrx_word' id='word_1_60' title='bbox 240 799 289 879; x_wconf 58' lang='grc' dir='ltr'><strong>λαι</strong></span> <span class='ocrx_word' id='word_1_61' title='bbox 311 816 345 877; x_wconf 78' lang='grc' dir='ltr'><strong>αλ</strong></span> <span class='ocrx_word' id='word_1_62' title='bbox 364 821 495 897; x_wconf 68' lang='grc' dir='ltr'><strong><em>γνῶμαι,</em></strong></span> <span class='ocrx_word' id='word_1_63' title='bbox 517 818 578 877; x_wconf 77' lang='grc' dir='ltr'><strong><em>τῶν</em></strong></span> <span class='ocrx_word' id='word_1_64' title='bbox 600 813 654 895; x_wconf 69' lang='grc' dir='ltr'><strong><em>μὲν</em></strong></span> <span class='ocrx_word' id='word_1_65' title='bbox 672 807 856 877; x_wconf 79' lang='grc' dir='ltr'><strong><em>κελευόντων</em></strong></span> <span class='ocrx_word' id='word_1_66' title='bbox 876 811 1068 895; x_wconf 71' lang='grc' dir='ltr'><strong><em>συμβαλέειν,</em></strong></span> <span class='ocrx_word' id='word_1_67' title='bbox 1090 817 1152 875; x_wconf 74' lang='grc' dir='ltr'><strong><em>ταῖν</em></strong></span> <span class='ocrx_word' id='word_1_68' title='bbox 1173 811 1206 875; x_wconf 75' lang='grc' dir='ltr'><strong>ὄλ</strong></span> <span class='ocrx_word' id='word_1_69' title='bbox 1227 806 1266 875; x_wconf 84' lang='lat' dir='ltr'><strong>ori</strong></span> <span class='ocrx_word' id='word_1_70' title='bbox 1290 832 1375 894; x_wconf 82' lang='grc' dir='ltr'><strong><em>συμ-</em></strong></span> 
     </span>
     <span class='ocr_line' id='line_1_8' title="bbox 242 894 1384 980; baseline 0 -19"><span class='ocrx_word' id='word_1_71' title='bbox 242 900 371 980; x_wconf 76' lang='grc' dir='ltr'><strong><em>βαλέειν.</em></strong></span> <span class='ocrx_word' id='word_1_72' title='bbox 417 902 471 959; x_wconf 84' lang='lat' dir='ltr'><strong>Alii</strong></span> <span class='ocrx_word' id='word_1_73' title='bbox 492 899 573 978; x_wconf 79' lang='lat' dir='ltr'><strong>(edd,</strong></span> <span class='ocrx_word' id='word_1_74' title='bbox 595 905 664 963; x_wconf 77' lang='lat' dir='ltr'><strong>vett.</strong></span> <span class='ocrx_word' id='word_1_75' title='bbox 683 896 790 974; x_wconf 78' lang='lat' dir='ltr'><strong>Bekis.)</strong></span> <span class='ocrx_word' id='word_1_76' title='bbox 810 916 883 956; x_wconf 88' lang='lat' dir='ltr'><strong>cam·</strong></span> <span class='ocrx_word' id='word_1_77' title='bbox 897 898 984 961; x_wconf 84' lang='lat' dir='ltr'><strong>codd.</strong></span> <span class='ocrx_word' id='word_1_78' title='bbox 1006 896 1041 954; x_wconf 67' lang='lat'><strong>1³.</strong></span> <span class='ocrx_word' id='word_1_79' title='bbox 1064 898 1092 957; x_wconf 84' lang='lat' dir='ltr'><strong>b.</strong></span> <span class='ocrx_word' id='word_1_80' title='bbox 1114 902 1176 959; x_wconf 79' lang='grc' dir='ltr'><strong><em>τῶν</em></strong></span> <span class='ocrx_word' id='word_1_81' title='bbox 1196 894 1250 975; x_wconf 72' lang='grc' dir='ltr'><strong><em>μὲν</em></strong></span> <span class='ocrx_word' id='word_1_82' title='bbox 1274 905 1384 961; x_wconf 76' lang='grc' dir='ltr'><strong><em>κελευ-’</em></strong></span> 
     </span>
     <span class='ocr_line' id='line_1_9' title="bbox 241 981 1376 1066; baseline -0.006 -18"><span class='ocrx_word' id='word_1_83' title='bbox 241 981 348 1060; x_wconf 76' lang='grc' dir='ltr'><strong><em>όντων,</em></strong></span> <span class='ocrx_word' id='word_1_84' title='bbox 377 989 437 1047; x_wconf 81' lang='grc' dir='ltr'><strong><em>τῶν</em></strong></span> <span class='ocrx_word' id='word_1_85' title='bbox 457 984 489 1048; x_wconf 78' lang='grc' dir='ltr'><strong>δὲ</strong></span> <span class='ocrx_word' id='word_1_86' title='bbox 509 981 548 1046; x_wconf 81' lang='lat' dir='ltr'><strong>ori</strong></span> <span class='ocrx_word' id='word_1_87' title='bbox 567 982 762 1066; x_wconf 71' lang='grc' dir='ltr'><strong><em>συμβαλέειν,</em></strong></span> <span class='ocrx_word' id='word_1_88' title='bbox 791 983 903 1041; x_wconf 87' lang='lat' dir='ltr'><strong>sedne</strong></span> <span class='ocrx_word' id='word_1_89' title='bbox 924 983 965 1040; x_wconf 91' lang='lat' dir='ltr'><strong>sic</strong></span> <span class='ocrx_word' id='word_1_90' title='bbox 988 983 1103 1059; x_wconf 88' lang='lat' dir='ltr'><strong>quidem</strong></span> <span class='ocrx_word' id='word_1_91' title='bbox 1124 990 1202 1041; x_wconf 89' lang='lat' dir='ltr'><strong>reete</strong></span> <span class='ocrx_word' id='word_1_92' title='bbox 1223 994 1376 1061; x_wconf 77' lang='lat' dir='ltr'><strong>erant-po-</strong></span> 
     </span>
     <span class='ocr_line' id='line_1_10' title="bbox 238 1061 1380 1147; baseline -0.001 -19"><span class='ocrx_word' id='word_1_93' title='bbox 238 1073 312 1140; x_wconf 81' lang='lat' dir='ltr'><strong>sita3</strong></span> <span class='ocrx_word' id='word_1_94' title='bbox 341 1089 427 1147; x_wconf 87' lang='lat' dir='ltr'><strong>quum</strong></span> <span class='ocrx_word' id='word_1_95' title='bbox 453 1070 530 1132; x_wconf 87' lang='lat' dir='ltr'><strong>enirn</strong></span> <span class='ocrx_word' id='word_1_96' title='bbox 556 1070 739 1147; x_wconf 84' lang='lat' dir='ltr'><strong>negationem</strong></span> <span class='ocrx_word' id='word_1_97' title='bbox 762 1061 801 1128; x_wconf 65' lang='grc' dir='ltr'><strong>οὔ</strong></span> <span class='ocrx_word' id='word_1_98' title='bbox 810 1106 820 1142; x_wconf 87' lang='grc'><strong><em>,</em></strong></span> <span class='ocrx_word' id='word_1_99' title='bbox 847 1071 932 1124; x_wconf 89' lang='lat' dir='ltr'><strong>acuto</strong></span> <span class='ocrx_word' id='word_1_100' title='bbox 962 1073 1110 1142; x_wconf 88' lang='lat' dir='ltr'><strong>notatam,-</strong></span> <span class='ocrx_word' id='word_1_101' title='bbox 1138 1072 1167 1125; x_wconf 89' lang='lat' dir='ltr'><strong>et</strong></span> <span class='ocrx_word' id='word_1_102' title='bbox 1198 1066 1319 1126; x_wconf 90' lang='lat' dir='ltr'><strong>aliorum</strong></span> <span class='ocrx_word' id='word_1_103' title='bbox 1349 1075 1380 1128; x_wconf 88' lang='lat' dir='ltr'><strong>et</strong></span> 
     </span>
     <span class='ocr_line' id='line_1_11' title="bbox 241 1149 1378 1233; baseline 0.001 -21"><span class='ocrx_word' id='word_1_104' title='bbox 241 1156 330 1233; x_wconf 90' lang='lat' dir='ltr'><strong>ipsius</strong></span> <span class='ocrx_word' id='word_1_105' title='bbox 352 1153 494 1215; x_wconf 79' lang='lat' dir='ltr'><strong>Herodoti</strong></span> <span class='ocrx_word' id='word_1_106' title='bbox 518 1154 615 1212; x_wconf 85' lang='lat' dir='ltr'><strong>multis</strong></span> <span class='ocrx_word' id='word_1_107' title='bbox 642 1153 777 1230; x_wconf 88' lang='lat' dir='ltr'><strong>exemplis</strong></span> <span class='ocrx_word' id='word_1_108' title='bbox 804 1149 994 1212; x_wconf 86' lang='lat' dir='ltr'><strong>demonstrari</strong></span> <span class='ocrx_word' id='word_1_109' title='bbox 1021 1152 1115 1230; x_wconf 79' lang='lat' dir='ltr'><strong>possit</strong></span> <span class='ocrx_word' id='word_1_110' title='bbox 1140 1153 1171 1210; x_wconf 91' lang='lat' dir='ltr'><strong>in</strong></span> <span class='ocrx_word' id='word_1_111' title='bbox 1197 1152 1255 1210; x_wconf 84' lang='lat' dir='ltr'><strong>fine</strong></span> <span class='ocrx_word' id='word_1_112' title='bbox 1283 1154 1378 1226; x_wconf 80' lang='lat' dir='ltr'><strong>tptius</strong></span> 
     </span>
     <span class='ocr_line' id='line_1_12' title="bbox 240 1234 1377 1318; baseline -0.002 -20"><span class='ocrx_word' id='word_1_113' title='bbox 240 1240 379 1298; x_wconf 86' lang='lat' dir='ltr'><strong>enuntiati</strong></span> <span class='ocrx_word' id='word_1_114' title='bbox 401 1241 564 1318; x_wconf 87' lang='lat' dir='ltr'><strong>ponendam</strong></span> <span class='ocrx_word' id='word_1_115' title='bbox 589 1256 671 1312; x_wconf 86' lang='lat' dir='ltr'><strong>esse,</strong></span> <span class='ocrx_word' id='word_1_116' title='bbox 702 1236 773 1296; x_wconf 86' lang='lat' dir='ltr'><strong>nihil</strong></span> <span class='ocrx_word' id='word_1_117' title='bbox 797 1234 964 1313; x_wconf 81' lang='lat' dir='ltr'><strong>relinquitur</strong></span> <span class='ocrx_word' id='word_1_118' title='bbox 992 1235 1087 1310; x_wconf 90' lang='lat' dir='ltr'><strong>dubii,</strong></span> <span class='ocrx_word' id='word_1_119' title='bbox 1115 1237 1184 1314; x_wconf 91' lang='lat' dir='ltr'><strong>quin</strong></span> <span class='ocrx_word' id='word_1_120' title='bbox 1211 1236 1258 1295; x_wconf 85' lang='lat' dir='ltr'><strong>bic</strong></span> <span class='ocrx_word' id='word_1_121' title='bbox 1285 1257 1316 1299; x_wconf 80' lang='lat' dir='ltr'><strong>a·</strong></span> <span class='ocrx_word' id='word_1_122' title='bbox 1330 1257 1377 1296; x_wconf 89' lang='lat' dir='ltr'><strong>me</strong></span> 
     </span>
     <span class='ocr_line' id='line_1_13' title="bbox 241 1315 1377 1402; baseline 0.003 -21"><span class='ocrx_word' id='word_1_123' title='bbox 241 1324 408 1402; x_wconf 84' lang='lat' dir='ltr'><strong>propositus</strong></span> <span class='ocrx_word' id='word_1_124' title='bbox 429 1319 581 1382; x_wconf 82' lang='lat' dir='ltr'><strong>verborum</strong></span> <span class='ocrx_word' id='word_1_125' title='bbox 603 1324 676 1380; x_wconf 89' lang='lat' dir='ltr'><strong>ordo</strong></span> <span class='ocrx_word' id='word_1_126' title='bbox 697 1320 777 1380; x_wconf 87' lang='lat' dir='ltr'><strong>solus</strong></span> <span class='ocrx_word' id='word_1_127' title='bbox 797 1320 836 1378; x_wconf 90' lang='lat' dir='ltr'><strong>sit</strong></span> <span class='ocrx_word' id='word_1_128' title='bbox 856 1321 1014 1395; x_wconf 83' lang='lat' dir='ltr'><strong>genuinus:</strong></span> <span class='ocrx_word' id='word_1_129' title='bbox 1036 1324 1096 1383; x_wconf 76' lang='grc' dir='ltr'><strong><em>τῶν</em></strong></span> <span class='ocrx_word' id='word_1_130' title='bbox 1116 1319 1170 1399; x_wconf 77' lang='grc' dir='ltr'><strong><em>μὲν</em></strong></span> <span class='ocrx_word' id='word_1_131' title='bbox 1188 1315 1377 1386; x_wconf 75' lang='grc' dir='ltr'><strong><em>κελευόντων</em></strong></span> 
     </span>
     <span class='ocr_line' id='line_1_14' title="bbox 242 1399 1040 1488; baseline -0.008 -18"><span class='ocrx_word' id='word_1_132' title='bbox 242 1410 426 1488; x_wconf 82' lang='grc' dir='ltr'><strong><em>συμβαλεῖν,</em></strong></span> <span class='ocrx_word' id='word_1_133' title='bbox 448 1412 510 1468; x_wconf 75' lang='grc' dir='ltr'><strong><em>τῶν</em></strong></span> <span class='ocrx_word' id='word_1_134' title='bbox 530 1405 562 1470; x_wconf 75' lang='grc' dir='ltr'><strong>δὲ</strong></span> <span class='ocrx_word' id='word_1_135' title='bbox 579 1399 634 1472; x_wconf 69' lang='grc' dir='ltr'><strong><em>νβ’.</em></strong></span> <span class='ocrx_word' id='word_1_136' title='bbox 656 1399 696 1483; x_wconf 74' lang='grc' dir='ltr'><strong><em>ἢν</em></strong></span> <span class='ocrx_word' id='word_1_137' title='bbox 716 1403 771 1484; x_wconf 77' lang='grc' dir='ltr'><strong><em>μέν</em></strong></span> <span class='ocrx_word' id='word_1_138' title='bbox 792 1426 852 1466; x_wconf 88' lang='grc' dir='ltr'><strong>νυν</strong></span> <span class='ocrx_word' id='word_1_139' title='bbox 870 1428 899 1466; x_wconf 83' lang='grc' dir='ltr'><strong>ιι.</strong></span> <span class='ocrx_word' id='word_1_140' title='bbox 919 1427 944 1466; x_wconf 82' lang='lat' dir='ltr'><strong>c.</strong></span> <span class='ocrx_word' id='word_1_141' title='bbox 965 1408 992 1465; x_wconf 89' lang='grc' dir='ltr'><strong>λ.</strong></span> <span class='ocrx_word' id='word_1_142' title='bbox 1038 1431 1040 1433; x_wconf 93' lang='grc'><em>·</em></span> 
     </span>
    </p>

    <p class='ocr_par' dir='ltr' id='par_1_3' title="bbox 169 1489 1408 3939">
     <span class='ocr_line' id='line_1_15' title="bbox 326 1489 1377 1568; baseline 0.001 -19"><span class='ocrx_word' id='word_1_143' title='bbox 326 1491 421 1561; x_wconf 87' lang='lat' dir='ltr'><strong>Quum</strong></span> <span class='ocrx_word' id='word_1_144' title='bbox 443 1492 530 1567; x_wconf 82' lang='lat' dir='ltr'><strong>igitur</strong></span> <span class='ocrx_word' id='word_1_145' title='bbox 552 1490 725 1565; x_wconf 85' lang='lat' dir='ltr'><strong>viderimus,</strong></span> <span class='ocrx_word' id='word_1_146' title='bbox 752 1495 811 1547; x_wconf 89' lang='lat' dir='ltr'><strong>tam</strong></span> <span class='ocrx_word' id='word_1_147' title='bbox 832 1489 935 1549; x_wconf 89' lang='lat' dir='ltr'><strong>multas</strong></span> <span class='ocrx_word' id='word_1_148' title='bbox 957 1489 1046 1547; x_wconf 79' lang='lat' dir='ltr'><strong>fuisse</strong></span> <span class='ocrx_word' id='word_1_149' title='bbox 1069 1508 1188 1561; x_wconf 86' lang='lat' dir='ltr'><strong>causas,</strong></span> <span class='ocrx_word' id='word_1_150' title='bbox 1214 1490 1377 1568; x_wconf 81' lang='lat' dir='ltr'><strong>exquibus</strong></span> 
     </span>
     <span class='ocr_line' id='line_1_16' title="bbox 240 1573 1377 1651; baseline -0.004 -14"><span class='ocrx_word' id='word_1_151' title='bbox 240 1584 299 1637; x_wconf 88' lang='lat' dir='ltr'><strong>tam</strong></span> <span class='ocrx_word' id='word_1_152' title='bbox 320 1576 482 1638; x_wconf 83' lang='lat' dir='ltr'><strong>deformata</strong></span> <span class='ocrx_word' id='word_1_153' title='bbox 502 1576 672 1635; x_wconf 85' lang='lat' dir='ltr'><strong>Herorlotea</strong></span> <span class='ocrx_word' id='word_1_154' title='bbox 693 1573 786 1633; x_wconf 86' lang='lat' dir='ltr'><strong>oratio</strong></span> <span class='ocrx_word' id='word_1_155' title='bbox 807 1573 968 1647; x_wconf 81' lang='lat' dir='ltr'><strong>exsisteret,</strong></span> <span class='ocrx_word' id='word_1_156' title='bbox 989 1591 1084 1651; x_wconf 89' lang='lat' dir='ltr'><strong>neque</strong></span> <span class='ocrx_word' id='word_1_157' title='bbox 1103 1575 1220 1634; x_wconf 81' lang='lat' dir='ltr'><strong>omnino</strong></span> <span class='ocrx_word' id='word_1_158' title='bbox 1238 1576 1377 1635; x_wconf 65' lang='lat' dir='ltr'><strong>verear.</strong></span> 
     </span>
     <span class='ocr_line' id='line_1_17' title="bbox 241 1657 1378 1740; baseline -0.001 -21"><span class='ocrx_word' id='word_1_159' title='bbox 241 1661 278 1719; x_wconf 78' lang='lat' dir='ltr'><strong>A.</strong></span> <span class='ocrx_word' id='word_1_160' title='bbox 293 1660 425 1719; x_wconf 86' lang='lat' dir='ltr'><strong>Wolfium</strong></span> <span class='ocrx_word' id='word_1_161' title='bbox 445 1661 595 1737; x_wconf 80' lang='lat' dir='ltr'><strong>(Prolegg.</strong></span> <span class='ocrx_word' id='word_1_162' title='bbox 616 1680 645 1739; x_wconf 90' lang='lat' dir='ltr'><strong>p.</strong></span> <span class='ocrx_word' id='word_1_163' title='bbox 663 1657 717 1736; x_wconf 88' lang='lat' dir='ltr'><strong>Vl)</strong></span> <span class='ocrx_word' id='word_1_164' title='bbox 739 1658 794 1716; x_wconf 91' lang='lat' dir='ltr'><strong>sibi</strong></span> <span class='ocrx_word' id='word_1_165' title='bbox 812 1658 1049 1718; x_wconf 78' lang='lat' dir='ltr'><strong>animadvertisse</strong></span> <span class='ocrx_word' id='word_1_166' title='bbox 1070 1658 1160 1715; x_wconf 85' lang='lat' dir='ltr'><strong>visum</strong></span> <span class='ocrx_word' id='word_1_167' title='bbox 1179 1678 1245 1719; x_wconf 88' lang='lat' dir='ltr'><strong>esse</strong></span> <span class='ocrx_word' id='word_1_168' title='bbox 1262 1666 1378 1740; x_wconf 83' lang='lat' dir='ltr'><strong>pateat,</strong></span> 
     </span>
     <span class='ocr_line' id='line_1_18' title="bbox 173 1742 1379 1825; baseline 0.001 -22"><span class='ocrx_word' id='word_1_169' title='bbox 173 1781 179 1792; x_wconf 49' lang='grc' dir='ltr'><strong><em>ι</em></strong></span> <span class='ocrx_word' id='word_1_170' title='bbox 241 1763 324 1822; x_wconf 89' lang='lat' dir='ltr'><strong>quam</strong></span> <span class='ocrx_word' id='word_1_171' title='bbox 352 1765 445 1825; x_wconf 83' lang='lat' dir='ltr'><strong>prope</strong></span> <span class='ocrx_word' id='word_1_172' title='bbox 471 1764 607 1821; x_wconf 77' lang='lat' dir='ltr'><strong>germano</strong></span> <span class='ocrx_word' id='word_1_173' title='bbox 635 1743 720 1803; x_wconf 89' lang='lat' dir='ltr'><strong>nitori</strong></span> <span class='ocrx_word' id='word_1_174' title='bbox 747 1742 878 1801; x_wconf 79' lang='lat' dir='ltr'><strong>&#39;redditos</strong></span> <span class='ocrx_word' id='word_1_175' title='bbox 902 1743 1072 1802; x_wconf 83' lang='lat' dir='ltr'><strong>haberemus</strong></span> <span class='ocrx_word' id='word_1_176' title='bbox 1100 1742 1242 1802; x_wconf 79' lang='lat' dir='ltr'><strong>Herodoti</strong></span> <span class='ocrx_word' id='word_1_177' title='bbox 1273 1745 1379 1820; x_wconf 86' lang='lat' dir='ltr'><strong>libros,</strong></span> 
     </span>
     <span class='ocr_line' id='line_1_19' title="bbox 240 1827 1380 1907; baseline -0.001 -19"><span class='ocrx_word' id='word_1_178' title='bbox 240 1831 336 1889; x_wconf 89' lang='lat' dir='ltr'><strong>statim</strong></span> <span class='ocrx_word' id='word_1_179' title='bbox 350 1831 481 1907; x_wconf 81' lang='lat' dir='ltr'><strong>quaestio</strong></span> <span class='ocrx_word' id='word_1_180' title='bbox 496 1830 639 1890; x_wconf 79' lang='lat' dir='ltr'><strong>exoriatur</strong></span> <span class='ocrx_word' id='word_1_181' title='bbox 653 1846 774 1888; x_wconf 86' lang='lat' dir='ltr'><strong>necesse</strong></span> <span class='ocrx_word' id='word_1_182' title='bbox 784 1834 840 1903; x_wconf 88' lang='lat' dir='ltr'><strong>est,</strong></span> <span class='ocrx_word' id='word_1_183' title='bbox 854 1847 928 1905; x_wconf 91' lang='lat' dir='ltr'><strong>quae</strong></span> <span class='ocrx_word' id='word_1_184' title='bbox 944 1827 989 1885; x_wconf 83' lang='lat' dir='ltr'><strong>via</strong></span> <span class='ocrx_word' id='word_1_185' title='bbox 1003 1845 1134 1904; x_wconf 88' lang='lat' dir='ltr'><strong>quaeque</strong></span> <span class='ocrx_word' id='word_1_186' title='bbox 1146 1829 1217 1888; x_wconf 85' lang='lat' dir='ltr'><strong>ratio</strong></span> <span class='ocrx_word' id='word_1_187' title='bbox 1233 1829 1321 1887; x_wconf 89' lang='lat' dir='ltr'><strong>nobis</strong></span> <span class='ocrx_word' id='word_1_188' title='bbox 1339 1830 1380 1887; x_wconf 89' lang='lat' dir='ltr'><strong>sit</strong></span> 
     </span>
     <span class='ocr_line' id='line_1_20' title="bbox 240 1913 1380 1991; baseline 0 -20"><span class='ocrx_word' id='word_1_189' title='bbox 240 1915 440 1990; x_wconf 84' lang='lat' dir='ltr'><strong>ingredienda,</strong></span> <span class='ocrx_word' id='word_1_190' title='bbox 458 1921 491 1973; x_wconf 91' lang='lat' dir='ltr'><strong>ut</strong></span> <span class='ocrx_word' id='word_1_191' title='bbox 509 1914 558 1976; x_wconf 91' lang='lat' dir='ltr'><strong>illa</strong></span> <span class='ocrx_word' id='word_1_192' title='bbox 578 1932 665 1991; x_wconf 89' lang='lat' dir='ltr'><strong>quam</strong></span> <span class='ocrx_word' id='word_1_193' title='bbox 681 1913 801 1974; x_wconf 83' lang='lat' dir='ltr'><strong>maxime</strong></span> <span class='ocrx_word' id='word_1_194' title='bbox 822 1914 945 1989; x_wconf 77' lang='lat' dir='ltr'><strong>genuina</strong></span> <span class='ocrx_word' id='word_1_195' title='bbox 962 1913 1130 1988; x_wconf 87' lang='lat' dir='ltr'><strong>sinceraque</strong></span> <span class='ocrx_word' id='word_1_196' title='bbox 1145 1913 1293 1974; x_wconf 86' lang='lat' dir='ltr'><strong>reddatur.</strong></span> <span class='ocrx_word' id='word_1_197' title='bbox 1339 1914 1380 1971; x_wconf 87' lang='lat' dir='ltr'><strong>Et</strong></span> 
     </span>
     <span class='ocr_line' id='line_1_21' title="bbox 240 1997 1379 2077; baseline 0 -20"><span class='ocrx_word' id='word_1_198' title='bbox 240 1999 318 2059; x_wconf 90' lang='lat' dir='ltr'><strong>dicat</strong></span> <span class='ocrx_word' id='word_1_199' title='bbox 338 2001 458 2077; x_wconf 89' lang='lat' dir='ltr'><strong>aliquis,</strong></span> <span class='ocrx_word' id='word_1_200' title='bbox 480 2001 567 2058; x_wconf 91' lang='lat' dir='ltr'><strong>libros</strong></span> <span class='ocrx_word' id='word_1_201' title='bbox 589 2001 627 2058; x_wconf 92' lang='lat' dir='ltr'><strong>de</strong></span> <span class='ocrx_word' id='word_1_202' title='bbox 647 1998 777 2057; x_wconf 87' lang='lat' dir='ltr'><strong>dialectis</strong></span> <span class='ocrx_word' id='word_1_203' title='bbox 799 1998 992 2074; x_wconf 69' lang='lat' dir='ltr'><strong>competitor,</strong></span> <span class='ocrx_word' id='word_1_204' title='bbox 1014 2016 1032 2055; x_wconf 88' lang='lat' dir='ltr'><strong>a</strong></span> <span class='ocrx_word' id='word_1_205' title='bbox 1052 1997 1258 2055; x_wconf 88' lang='lat' dir='ltr'><strong>recentioribus</strong></span> <span class='ocrx_word' id='word_1_206' title='bbox 1280 1998 1379 2057; x_wconf 84' lang='lat' dir='ltr'><strong>doctis</strong></span> 
     </span>
     <span class='ocr_line' id='line_1_22' title="bbox 239 2081 1381 2160; baseline 0 -18"><span class='ocrx_word' id='word_1_207' title='bbox 239 2084 308 2143; x_wconf 81' lang='lat' dir='ltr'><strong>viris</strong></span> <span class='ocrx_word' id='word_1_208' title='bbox 328 2085 484 2144; x_wconf 82' lang='lat' dir='ltr'><strong>utilissimis</strong></span> <span class='ocrx_word' id='word_1_209' title='bbox 502 2083 735 2144; x_wconf 83' lang='lat' dir='ltr'><strong>adnotationibus</strong></span> <span class='ocrx_word' id='word_1_210' title='bbox 755 2081 929 2156; x_wconf 88' lang='lat' dir='ltr'><strong>illustratos,</strong></span> <span class='ocrx_word' id='word_1_211' title='bbox 954 2082 1071 2140; x_wconf 90' lang='lat' dir='ltr'><strong>multum</strong></span> <span class='ocrx_word' id='word_1_212' title='bbox 1089 2081 1184 2141; x_wconf 82' lang='lat' dir='ltr'><strong>nobis</strong></span> <span class='ocrx_word' id='word_1_213' title='bbox 1203 2099 1294 2160; x_wconf 81' lang='lat' dir='ltr'><strong>posse</strong></span> <span class='ocrx_word' id='word_1_214' title='bbox 1322 2084 1381 2142; x_wconf 89' lang='lat' dir='ltr'><strong>boc</strong></span> 
     </span>
     <span class='ocr_line' id='line_1_23' title="bbox 240 2164 1381 2247; baseline 0.001 -22"><span class='ocrx_word' id='word_1_215' title='bbox 240 2169 269 2228; x_wconf 89' lang='lat' dir='ltr'><strong>iu</strong></span> <span class='ocrx_word' id='word_1_216' title='bbox 292 2170 410 2245; x_wconf 77' lang='lat' dir='ltr'><strong>negotio</strong></span> <span class='ocrx_word' id='word_1_217' title='bbox 436 2170 595 2247; x_wconf 84' lang='lat' dir='ltr'><strong>prodesse3</strong></span> <span class='ocrx_word' id='word_1_218' title='bbox 622 2185 656 2226; x_wconf 91' lang='lat' dir='ltr'><strong>ac</strong></span> <span class='ocrx_word' id='word_1_219' title='bbox 683 2183 783 2225; x_wconf 86' lang='lat' dir='ltr'><strong>revera</strong></span> <span class='ocrx_word' id='word_1_220' title='bbox 804 2164 900 2242; x_wconf 89' lang='lat' dir='ltr'><strong>aliqua</strong></span> <span class='ocrx_word' id='word_1_221' title='bbox 921 2185 956 2225; x_wconf 85' lang='lat' dir='ltr'><strong>ex</strong></span> <span class='ocrx_word' id='word_1_222' title='bbox 976 2173 1061 2244; x_wconf 88' lang='lat' dir='ltr'><strong>parte</strong></span> <span class='ocrx_word' id='word_1_223' title='bbox 1080 2172 1216 2244; x_wconf 79' lang='lat' dir='ltr'><strong>prosunt,</strong></span> <span class='ocrx_word' id='word_1_224' title='bbox 1237 2167 1381 2245; x_wconf 77' lang='lat' dir='ltr'><strong>inprimis</strong></span> 
     </span>
     <span class='ocr_line' id='line_1_24' title="bbox 241 2248 1381 2328; baseline -0.002 -18"><span class='ocrx_word' id='word_1_225' title='bbox 241 2249 443 2316; x_wconf 86' lang='lat' dir='ltr'><strong>Sebaeseriaua</strong></span> <span class='ocrx_word' id='word_1_226' title='bbox 464 2251 514 2312; x_wconf 90' lang='lat' dir='ltr'><strong>illa</strong></span> <span class='ocrx_word' id='word_1_227' title='bbox 532 2250 665 2328; x_wconf 80' lang='lat' dir='ltr'><strong>Gregorii</strong></span> <span class='ocrx_word' id='word_1_228' title='bbox 682 2249 823 2309; x_wconf 85' lang='lat' dir='ltr'><strong>Corinthii</strong></span> <span class='ocrx_word' id='word_1_229' title='bbox 843 2248 905 2307; x_wconf 88' lang='lat' dir='ltr'><strong>libri</strong></span> <span class='ocrx_word' id='word_1_230' title='bbox 926 2251 964 2310; x_wconf 89' lang='lat' dir='ltr'><strong>de</strong></span> <span class='ocrx_word' id='word_1_231' title='bbox 983 2251 1104 2314; x_wconf 87' lang='lat' dir='ltr'><strong>Graecis</strong></span> <span class='ocrx_word' id='word_1_232' title='bbox 1126 2250 1256 2311; x_wconf 83' lang='lat' dir='ltr'><strong>dialectis</strong></span> <span class='ocrx_word' id='word_1_233' title='bbox 1274 2252 1381 2327; x_wconf 86' lang='lat' dir='ltr'><strong>editio,</strong></span> 
     </span>
     <span class='ocr_line' id='line_1_25' title="bbox 240 2335 1381 2413; baseline 0.001 -19"><span class='ocrx_word' id='word_1_234' title='bbox 240 2335 580 2413; x_wconf 83' lang='lat' dir='ltr'><strong>multisdoctissimisque</strong></span> <span class='ocrx_word' id='word_1_235' title='bbox 598 2336 735 2394; x_wconf 88' lang='lat' dir='ltr'><strong>instructa</strong></span> <span class='ocrx_word' id='word_1_236' title='bbox 749 2336 967 2396; x_wconf 85' lang='lat' dir='ltr'><strong>commentariis.</strong></span> <span class='ocrx_word' id='word_1_237' title='bbox 1009 2336 1069 2394; x_wconf 85' lang='lat' dir='ltr'><strong>Sed</strong></span> <span class='ocrx_word' id='word_1_238' title='bbox 1090 2336 1118 2393; x_wconf 89' lang='lat' dir='ltr'><strong>bi</strong></span> <span class='ocrx_word' id='word_1_239' title='bbox 1137 2336 1202 2394; x_wconf 87' lang='lat' dir='ltr'><strong>libri</strong></span> <span class='ocrx_word' id='word_1_240' title='bbox 1224 2353 1381 2398; x_wconf 88' lang='lat' dir='ltr'><strong>recensum</strong></span> 
     </span>
     <span class='ocr_line' id='line_1_26' title="bbox 240 2419 1380 2503; baseline 0.002 -24"><span class='ocrx_word' id='word_1_241' title='bbox 240 2427 349 2480; x_wconf 83' lang='lat' dir='ltr'><strong>tautum</strong></span> <span class='ocrx_word' id='word_1_242' title='bbox 371 2420 480 2498; x_wconf 86' lang='lat' dir='ltr'><strong>aliquot</strong></span> <span class='ocrx_word' id='word_1_243' title='bbox 500 2420 653 2481; x_wconf 87' lang='lat' dir='ltr'><strong>formarum</strong></span> <span class='ocrx_word' id='word_1_244' title='bbox 674 2419 866 2482; x_wconf 84' lang='lat' dir='ltr'><strong>dictionumve</strong></span> <span class='ocrx_word' id='word_1_245' title='bbox 887 2439 921 2481; x_wconf 81' lang='lat' dir='ltr'><strong>ex</strong></span> <span class='ocrx_word' id='word_1_246' title='bbox 946 2438 1060 2498; x_wconf 86' lang='lat' dir='ltr'><strong>quaque</strong></span> <span class='ocrx_word' id='word_1_247' title='bbox 1080 2420 1204 2481; x_wconf 82' lang='lat' dir='ltr'><strong>dialecto</strong></span> <span class='ocrx_word' id='word_1_248' title='bbox 1225 2428 1380 2503; x_wconf 81' lang='lat' dir='ltr'><strong>excerpta·</strong></span> 
     </span>
     <span class='ocr_line' id='line_1_27' title="bbox 241 2505 1379 2585; baseline 0.004 -22"><span class='ocrx_word' id='word_1_249' title='bbox 241 2526 302 2564; x_wconf 87' lang='lat' dir='ltr'><strong>rurn</strong></span> <span class='ocrx_word' id='word_1_250' title='bbox 323 2506 475 2583; x_wconf 83' lang='lat' dir='ltr'><strong>exhibent,</strong></span> <span class='ocrx_word' id='word_1_251' title='bbox 501 2524 594 2583; x_wconf 88' lang='lat' dir='ltr'><strong>neque</strong></span> <span class='ocrx_word' id='word_1_252' title='bbox 622 2505 919 2585; x_wconf 83' lang='lat' dir='ltr'><strong>eum-plenissimam,</strong></span> <span class='ocrx_word' id='word_1_253' title='bbox 947 2524 1041 2583; x_wconf 86' lang='lat' dir='ltr'><strong>neque</strong></span> <span class='ocrx_word' id='word_1_254' title='bbox 1062 2507 1133 2583; x_wconf 75' lang='lat' dir='ltr'><strong>ratis</strong></span> <span class='ocrx_word' id='word_1_255' title='bbox 1154 2506 1379 2584; x_wconf 80' lang='lat' dir='ltr'><strong>distinguentem</strong></span> 
     </span>
     <span class='ocr_line' id='line_1_28' title="bbox 240 2591 1378 2670; baseline 0.003 -21"><span class='ocrx_word' id='word_1_256' title='bbox 240 2592 316 2650; x_wconf 87' lang='lat' dir='ltr'><strong>iuter</strong></span> <span class='ocrx_word' id='word_1_257' title='bbox 335 2591 414 2650; x_wconf 86' lang='lat' dir='ltr'><strong>varia</strong></span> <span class='ocrx_word' id='word_1_258' title='bbox 433 2594 569 2670; x_wconf 70' lang='lat' dir='ltr'><strong>satusque</strong></span> <span class='ocrx_word' id='word_1_259' title='bbox 587 2591 706 2652; x_wconf 85' lang='lat' dir='ltr'><strong>dialecti</strong></span> <span class='ocrx_word' id='word_1_260' title='bbox 723 2607 831 2668; x_wconf 84' lang='lat' dir='ltr'><strong>genera</strong></span> <span class='ocrx_word' id='word_1_261' title='bbox 855 2595 886 2648; x_wconf 88' lang='lat' dir='ltr'><strong>et</strong></span> <span class='ocrx_word' id='word_1_262' title='bbox 906 2591 1088 2669; x_wconf 87' lang='lat' dir='ltr'><strong>scriptorum,</strong></span> <span class='ocrx_word' id='word_1_263' title='bbox 1108 2593 1157 2668; x_wconf 87' lang='lat' dir='ltr'><strong>qui</strong></span> <span class='ocrx_word' id='word_1_264' title='bbox 1174 2592 1210 2650; x_wconf 89' lang='lat' dir='ltr'><strong>iis</strong></span> <span class='ocrx_word' id='word_1_265' title='bbox 1230 2592 1276 2651; x_wconf 90' lang='lat' dir='ltr'><strong>usi</strong></span> <span class='ocrx_word' id='word_1_266' title='bbox 1301 2600 1378 2657; x_wconf 89' lang='lat' dir='ltr'><strong>sunt.</strong></span> 
     </span>
     <span class='ocr_line' id='line_1_29' title="bbox 169 2675 1381 2755; baseline 0 -19"><span class='ocrx_word' id='word_1_267' title='bbox 169 2706 184 2719; x_wconf 82' lang='lat'><strong>-·</strong></span> <span class='ocrx_word' id='word_1_268' title='bbox 240 2676 305 2736; x_wconf 90' lang='lat' dir='ltr'><strong>Nec</strong></span> <span class='ocrx_word' id='word_1_269' title='bbox 329 2695 417 2749; x_wconf 88' lang='lat' dir='ltr'><strong>vero,</strong></span> <span class='ocrx_word' id='word_1_270' title='bbox 438 2677 549 2738; x_wconf 83' lang='lat' dir='ltr'><strong>etiamsi</strong></span> <span class='ocrx_word' id='word_1_271' title='bbox 570 2676 683 2754; x_wconf 81' lang='lat' dir='ltr'><strong>singula</strong></span> <span class='ocrx_word' id='word_1_272' title='bbox 703 2693 855 2755; x_wconf 87' lang='lat' dir='ltr'><strong>quaeque,</strong></span> <span class='ocrx_word' id='word_1_273' title='bbox 876 2694 949 2753; x_wconf 90' lang='lat' dir='ltr'><strong>quae</strong></span> <span class='ocrx_word' id='word_1_274' title='bbox 970 2675 1007 2733; x_wconf 91' lang='lat' dir='ltr'><strong>ab</strong></span> <span class='ocrx_word' id='word_1_275' title='bbox 1028 2676 1302 2754; x_wconf 69' lang='lat' dir='ltr'><strong>aliis-scriptoribus</strong></span> <span class='ocrx_word' id='word_1_276' title='bbox 1322 2678 1381 2737; x_wconf 72' lang='lat' dir='ltr'><strong>aulis</strong></span> 
     </span>
     <span class='ocr_line' id='line_1_30' title="bbox 242 2760 1381 2840; baseline 0.001 -22"><span class='ocrx_word' id='word_1_277' title='bbox 242 2762 393 2820; x_wconf 87' lang='lat' dir='ltr'><strong>occasione</strong></span> <span class='ocrx_word' id='word_1_278' title='bbox 414 2763 544 2821; x_wconf 85' lang='lat' dir='ltr'><strong>adhunc</strong></span> <span class='ocrx_word' id='word_1_279' title='bbox 565 2781 625 2823; x_wconf 88' lang='lat' dir='ltr'><strong>rem</strong></span> <span class='ocrx_word' id='word_1_280' title='bbox 646 2764 820 2840; x_wconf 84' lang='lat' dir='ltr'><strong>pertinentia</strong></span> <span class='ocrx_word' id='word_1_281' title='bbox 841 2760 956 2819; x_wconf 74' lang='lat' dir='ltr'><strong>tradita</strong></span> <span class='ocrx_word' id='word_1_282' title='bbox 968 2767 1053 2836; x_wconf 88' lang='lat' dir='ltr'><strong>suut,</strong></span> <span class='ocrx_word' id='word_1_283' title='bbox 1079 2760 1297 2837; x_wconf 75' lang='lat' dir='ltr'><strong>diligentissime</strong></span> <span class='ocrx_word' id='word_1_284' title='bbox 1318 2761 1381 2820; x_wconf 90' lang='lat' dir='ltr'><strong>col-</strong></span> 
     </span>
     <span class='ocr_line' id='line_1_31' title="bbox 240 2845 1379 2924; baseline 0 -20"><span class='ocrx_word' id='word_1_285' title='bbox 240 2846 314 2905; x_wconf 87' lang='lat' dir='ltr'><strong>lecta</strong></span> <span class='ocrx_word' id='word_1_286' title='bbox 334 2848 546 2921; x_wconf 84' lang='lat' dir='ltr'><strong>addiderimus,</strong></span> <span class='ocrx_word' id='word_1_287' title='bbox 575 2855 605 2907; x_wconf 87' lang='lat' dir='ltr'><strong>et</strong></span> <span class='ocrx_word' id='word_1_288' title='bbox 631 2848 672 2906; x_wconf 86' lang='lat' dir='ltr'><strong>ita</strong></span> <span class='ocrx_word' id='word_1_289' title='bbox 693 2846 787 2905; x_wconf 90' lang='lat' dir='ltr'><strong>omnia</strong></span> <span class='ocrx_word' id='word_1_290' title='bbox 808 2846 910 2923; x_wconf 88' lang='lat' dir='ltr'><strong>cuique</strong></span> <span class='ocrx_word' id='word_1_291' title='bbox 932 2845 1053 2905; x_wconf 85' lang='lat' dir='ltr'><strong>dialecto</strong></span> <span class='ocrx_word' id='word_1_292' title='bbox 1074 2847 1226 2924; x_wconf 72' lang='lat' dir='ltr'><strong>peculiaria</strong></span> <span class='ocrx_word' id='word_1_293' title='bbox 1241 2848 1270 2903; x_wconf 87' lang='lat' dir='ltr'><strong>in</strong></span> <span class='ocrx_word' id='word_1_294' title='bbox 1293 2864 1379 2906; x_wconf 86' lang='lat' dir='ltr'><strong>unum</strong></span> 
     </span>
     <span class='ocr_line' id='line_1_32' title="bbox 241 2929 1380 3010; baseline 0.002 -21"><span class='ocrx_word' id='word_1_295' title='bbox 241 2939 425 3009; x_wconf 86' lang='lat' dir='ltr'><strong>conspectum</strong></span> <span class='ocrx_word' id='word_1_296' title='bbox 452 2933 645 3007; x_wconf 79' lang='lat' dir='ltr'><strong>coegerimus,</strong></span> <span class='ocrx_word' id='word_1_297' title='bbox 673 2929 703 2990; x_wconf 90' lang='lat' dir='ltr'><strong>id</strong></span> <span class='ocrx_word' id='word_1_298' title='bbox 730 2932 809 3006; x_wconf 90' lang='lat' dir='ltr'><strong>quod</strong></span> <span class='ocrx_word' id='word_1_299' title='bbox 830 2930 994 2989; x_wconf 80' lang='lat' dir='ltr'><strong>novissimis</strong></span> <span class='ocrx_word' id='word_1_300' title='bbox 1013 2932 1190 3010; x_wconf 76' lang='lat' dir='ltr'><strong>temporibus</strong></span> <span class='ocrx_word' id='word_1_301' title='bbox 1211 2930 1328 2989; x_wconf 86' lang='lat' dir='ltr'><strong>Giesius</strong></span> <span class='ocrx_word' id='word_1_302' title='bbox 1350 2936 1380 2991; x_wconf 84' lang='lat' dir='ltr'><strong>et</strong></span> 
     </span>
     <span class='ocr_line' id='line_1_33' title="bbox 242 3010 1382 3094; baseline 0.006 -24"><span class='ocrx_word' id='word_1_303' title='bbox 242 3014 354 3073; x_wconf 81' lang='lat' dir='ltr'><strong>Abrens</strong></span> <span class='ocrx_word' id='word_1_304' title='bbox 375 3016 543 3073; x_wconf 86' lang='lat' dir='ltr'><strong>doctissime</strong></span> <span class='ocrx_word' id='word_1_305' title='bbox 564 3017 661 3074; x_wconf 86' lang='lat' dir='ltr'><strong>facere</strong></span> <span class='ocrx_word' id='word_1_306' title='bbox 680 3010 901 3094; x_wconf 80' lang='lat' dir='ltr'><strong>inceperant*),</strong></span> <span class='ocrx_word' id='word_1_307' title='bbox 931 3034 1119 3092; x_wconf 79' lang='lat' dir='ltr'><strong>magnacum</strong></span> <span class='ocrx_word' id='word_1_308' title='bbox 1143 3017 1241 3074; x_wconf 85' lang='lat' dir='ltr'><strong>fructu.</strong></span> <span class='ocrx_word' id='word_1_309' title='bbox 1264 3016 1294 3074; x_wconf 86' lang='lat' dir='ltr'><strong>in</strong></span> <span class='ocrx_word' id='word_1_310' title='bbox 1314 3023 1382 3077; x_wconf 77' lang='lat' dir='ltr'><strong>arte</strong></span> 
     </span>
     <span class='ocr_line' id='line_1_34' title="bbox 242 3098 1381 3178; baseline 0.002 -22"><span class='ocrx_word' id='word_1_311' title='bbox 242 3098 358 3173; x_wconf 87' lang='lat' dir='ltr'><strong>critica,</strong></span> <span class='ocrx_word' id='word_1_312' title='bbox 380 3099 417 3155; x_wconf 88' lang='lat' dir='ltr'><strong>ad</strong></span> <span class='ocrx_word' id='word_1_313' title='bbox 440 3098 513 3158; x_wconf 87' lang='lat' dir='ltr'><strong>bunc</strong></span> <span class='ocrx_word' id='word_1_314' title='bbox 534 3099 677 3158; x_wconf 88' lang='lat' dir='ltr'><strong>velillum</strong></span> <span class='ocrx_word' id='word_1_315' title='bbox 698 3099 869 3177; x_wconf 86' lang='lat' dir='ltr'><strong>scriptorem</strong></span> <span class='ocrx_word' id='word_1_316' title='bbox 888 3100 1066 3176; x_wconf 83' lang='lat' dir='ltr'><strong>adhibenda,</strong></span> <span class='ocrx_word' id='word_1_317' title='bbox 1088 3101 1248 3178; x_wconf 83' lang='lat' dir='ltr'><strong>procedere</strong></span> <span class='ocrx_word' id='word_1_318' title='bbox 1263 3102 1381 3178; x_wconf 88' lang='lat' dir='ltr'><strong>poteri-</strong></span> 
     </span>
     <span class='ocr_line' id='line_1_35' title="bbox 242 3182 1381 3263; baseline 0.004 -23"><span class='ocrx_word' id='word_1_319' title='bbox 242 3201 317 3256; x_wconf 88' lang='lat' dir='ltr'><strong>mus,</strong></span> <span class='ocrx_word' id='word_1_320' title='bbox 336 3182 389 3243; x_wconf 89' lang='lat' dir='ltr'><strong>uisi</strong></span> <span class='ocrx_word' id='word_1_321' title='bbox 408 3184 569 3243; x_wconf 86' lang='lat' dir='ltr'><strong>accuratius</strong></span> <span class='ocrx_word' id='word_1_322' title='bbox 585 3185 615 3242; x_wconf 91' lang='lat' dir='ltr'><strong>in</strong></span> <span class='ocrx_word' id='word_1_323' title='bbox 631 3183 715 3260; x_wconf 83' lang='lat' dir='ltr'><strong>hujus</strong></span> <span class='ocrx_word' id='word_1_324' title='bbox 735 3184 830 3259; x_wconf 89' lang='lat' dir='ltr'><strong>unius,</strong></span> <span class='ocrx_word' id='word_1_325' title='bbox 850 3202 934 3261; x_wconf 90' lang='lat' dir='ltr'><strong>quem</strong></span> <span class='ocrx_word' id='word_1_326' title='bbox 954 3191 1120 3260; x_wconf 82' lang='lat' dir='ltr'><strong>tractamur,</strong></span> <span class='ocrx_word' id='word_1_327' title='bbox 1142 3185 1290 3263; x_wconf 85' lang='lat' dir='ltr'><strong>scriptoris</strong></span> <span class='ocrx_word' id='word_1_328' title='bbox 1309 3204 1381 3263; x_wconf 88' lang='lat' dir='ltr'><strong>pro·</strong></span> 
     </span>
     <span class='ocr_line' id='line_1_36' title="bbox 242 3267 1381 3347; baseline 0.006 -24"><span class='ocrx_word' id='word_1_329' title='bbox 242 3267 333 3344; x_wconf 86' lang='lat' dir='ltr'><strong>priam</strong></span> <span class='ocrx_word' id='word_1_330' title='bbox 352 3267 506 3327; x_wconf 85' lang='lat' dir='ltr'><strong>dictionem</strong></span> <span class='ocrx_word' id='word_1_331' title='bbox 527 3269 730 3347; x_wconf 75' lang='lat' dir='ltr'><strong>propriamque</strong></span> <span class='ocrx_word' id='word_1_332' title='bbox 751 3280 833 3327; x_wconf 81' lang='lat' dir='ltr'><strong>usum</strong></span> <span class='ocrx_word' id='word_1_333' title='bbox 855 3269 1040 3346; x_wconf 86' lang='lat' dir='ltr'><strong>inquiramus.</strong></span> <span class='ocrx_word' id='word_1_334' title='bbox 1082 3270 1189 3347; x_wconf 82' lang='lat' dir='ltr'><strong>Neque</strong></span> <span class='ocrx_word' id='word_1_335' title='bbox 1210 3269 1287 3328; x_wconf 87' lang='lat' dir='ltr'><strong>euim</strong></span> <span class='ocrx_word' id='word_1_336' title='bbox 1307 3269 1381 3330; x_wconf 86' lang='lat' dir='ltr'><strong>mul·</strong></span> 
     </span>
     <span class='ocr_line' id='line_1_37' title="bbox 243 3351 1381 3429; baseline 0.006 -20"><span class='ocrx_word' id='word_1_337' title='bbox 243 3357 301 3409; x_wconf 88' lang='lat' dir='ltr'><strong>tum</strong></span> <span class='ocrx_word' id='word_1_338' title='bbox 323 3351 456 3428; x_wconf 76' lang='lat' dir='ltr'><strong>axljuvat,</strong></span> <span class='ocrx_word' id='word_1_339' title='bbox 476 3372 562 3429; x_wconf 90' lang='lat' dir='ltr'><strong>quum</strong></span> <span class='ocrx_word' id='word_1_340' title='bbox 584 3354 692 3412; x_wconf 80' lang='lat' dir='ltr'><strong>turmae</strong></span> <span class='ocrx_word' id='word_1_341' title='bbox 710 3355 851 3429; x_wconf 87' lang='lat' dir='ltr'><strong>quaedam</strong></span> <span class='ocrx_word' id='word_1_342' title='bbox 872 3353 917 3412; x_wconf 86' lang='lat' dir='ltr'><strong>vel</strong></span> <span class='ocrx_word' id='word_1_343' title='bbox 935 3354 1074 3413; x_wconf 87' lang='lat' dir='ltr'><strong>dictiones</strong></span> <span class='ocrx_word' id='word_1_344' title='bbox 1094 3356 1247 3413; x_wconf 82' lang='lat' dir='ltr'><strong>traduntur</strong></span> <span class='ocrx_word' id='word_1_345' title='bbox 1264 3354 1381 3415; x_wconf 82' lang='lat' dir='ltr'><strong>lonicae</strong></span> 
     </span>
     <span class='ocr_line' id='line_1_38' title="bbox 243 3437 1381 3517; baseline 0.004 -22"><span class='ocrx_word' id='word_1_346' title='bbox 243 3455 319 3511; x_wconf 88' lang='lat' dir='ltr'><strong>esse,</strong></span> <span class='ocrx_word' id='word_1_347' title='bbox 342 3455 399 3513; x_wconf 89' lang='lat' dir='ltr'><strong>qua</strong></span> <span class='ocrx_word' id='word_1_348' title='bbox 420 3437 457 3494; x_wconf 92' lang='lat' dir='ltr'><strong>de</strong></span> <span class='ocrx_word' id='word_1_349' title='bbox 479 3457 511 3496; x_wconf 89' lang='lat' dir='ltr'><strong>re</strong></span> <span class='ocrx_word' id='word_1_350' title='bbox 528 3438 696 3515; x_wconf 86' lang='lat' dir='ltr'><strong>plerumque</strong></span> <span class='ocrx_word' id='word_1_351' title='bbox 718 3437 795 3496; x_wconf 88' lang='lat' dir='ltr'><strong>nulla</strong></span> <span class='ocrx_word' id='word_1_352' title='bbox 815 3446 861 3498; x_wconf 88' lang='lat' dir='ltr'><strong>est</strong></span> <span class='ocrx_word' id='word_1_353' title='bbox 881 3437 1033 3514; x_wconf 88' lang='lat' dir='ltr'><strong>dubitatio,</strong></span> <span class='ocrx_word' id='word_1_354' title='bbox 1055 3439 1081 3497; x_wconf 89' lang='lat' dir='ltr'><strong>si</strong></span> <span class='ocrx_word' id='word_1_355' title='bbox 1100 3439 1265 3517; x_wconf 79' lang='lat' dir='ltr'><strong>ignoramus</strong></span> <span class='ocrx_word' id='word_1_356' title='bbox 1284 3445 1381 3499; x_wconf 77' lang='lat' dir='ltr'><strong>utram</strong></span> 
     </span>
     <span class='ocr_line' id='line_1_39' title="bbox 242 3521 1381 3602; baseline 0.004 -22"><span class='ocrx_word' id='word_1_357' title='bbox 242 3522 426 3580; x_wconf 88' lang='lat' dir='ltr'><strong>Herodoteae</strong></span> <span class='ocrx_word' id='word_1_358' title='bbox 444 3521 510 3580; x_wconf 91' lang='lat' dir='ltr'><strong>illae</strong></span> <span class='ocrx_word' id='word_1_359' title='bbox 530 3524 589 3581; x_wconf 86' lang='lat' dir='ltr'><strong>sint</strong></span> <span class='ocrx_word' id='word_1_360' title='bbox 602 3542 639 3581; x_wconf 89' lang='lat' dir='ltr'><strong>an</strong></span> <span class='ocrx_word' id='word_1_361' title='bbox 657 3523 727 3581; x_wconf 88' lang='lat' dir='ltr'><strong>alius</strong></span> <span class='ocrx_word' id='word_1_362' title='bbox 741 3524 831 3583; x_wconf 88' lang='lat' dir='ltr'><strong>Ionici</strong></span> <span class='ocrx_word' id='word_1_363' title='bbox 849 3524 1014 3601; x_wconf 80' lang='lat' dir='ltr'><strong>scriptoris3</strong></span> <span class='ocrx_word' id='word_1_364' title='bbox 1032 3524 1058 3581; x_wconf 91' lang='lat' dir='ltr'><strong>si</strong></span> <span class='ocrx_word' id='word_1_365' title='bbox 1071 3524 1256 3602; x_wconf 75' lang='lat' dir='ltr'><strong>ignoramus,</strong></span> <span class='ocrx_word' id='word_1_366' title='bbox 1267 3525 1381 3584; x_wconf 78' lang='lat' dir='ltr'><strong>etiansi</strong></span> 
     </span>
     <span class='ocr_line' id='line_1_40' title="bbox 201 3604 1380 3686; baseline 0.003 -21"><span class='ocrx_word' id='word_1_367' title='bbox 201 3604 204 3607; x_wconf 75' lang='grc'><strong>’</strong></span> <span class='ocrx_word' id='word_1_368' title='bbox 242 3612 354 3665; x_wconf 86' lang='lat' dir='ltr'><strong>constet</strong></span> <span class='ocrx_word' id='word_1_369' title='bbox 377 3608 554 3665; x_wconf 83' lang='lat' dir='ltr'><strong>Herodotum</strong></span> <span class='ocrx_word' id='word_1_370' title='bbox 582 3627 632 3665; x_wconf 85' lang='lat' dir='ltr'><strong>eas</strong></span> <span class='ocrx_word' id='word_1_371' title='bbox 653 3624 824 3685; x_wconf 89' lang='lat' dir='ltr'><strong>usurpasse,</strong></span> <span class='ocrx_word' id='word_1_372' title='bbox 849 3615 943 3666; x_wconf 91' lang='lat' dir='ltr'><strong>utrum</strong></span> <span class='ocrx_word' id='word_1_373' title='bbox 964 3624 1079 3686; x_wconf 86' lang='lat' dir='ltr'><strong>semper</strong></span> <span class='ocrx_word' id='word_1_374' title='bbox 1103 3609 1139 3667; x_wconf 89' lang='lat' dir='ltr'><strong>iis</strong></span> <span class='ocrx_word' id='word_1_375' title='bbox 1163 3628 1234 3669; x_wconf 83' lang='lat' dir='ltr'><strong>usus</strong></span> <span class='ocrx_word' id='word_1_376' title='bbox 1257 3610 1327 3685; x_wconf 66' lang='lat' dir='ltr'><strong>sit,</strong></span> <span class='ocrx_word' id='word_1_377' title='bbox 1343 3628 1380 3669; x_wconf 90' lang='lat' dir='ltr'><strong>an</strong></span> 
     </span>
     <span class='ocr_line' id='line_1_41' title="bbox 243 3690 1408 3769; baseline 0.005 -21"><span class='ocrx_word' id='word_1_378' title='bbox 243 3690 305 3748; x_wconf 89' lang='lat' dir='ltr'><strong>aliis</strong></span> <span class='ocrx_word' id='word_1_379' title='bbox 327 3692 356 3747; x_wconf 88' lang='lat' dir='ltr'><strong>in</strong></span> <span class='ocrx_word' id='word_1_380' title='bbox 378 3690 450 3747; x_wconf 90' lang='lat' dir='ltr'><strong>locis</strong></span> <span class='ocrx_word' id='word_1_381' title='bbox 471 3692 527 3749; x_wconf 88' lang='lat' dir='ltr'><strong>alia</strong></span> <span class='ocrx_word' id='word_1_382' title='bbox 541 3692 696 3750; x_wconf 86' lang='lat' dir='ltr'><strong>admiserit.</strong></span> <span class='ocrx_word' id='word_1_383' title='bbox 739 3693 836 3760; x_wconf 83' lang='lat' dir='ltr'><strong>Quare</strong></span> <span class='ocrx_word' id='word_1_384' title='bbox 845 3694 1001 3753; x_wconf 86' lang='lat' dir='ltr'><strong>rursus-ad</strong></span> <span class='ocrx_word' id='word_1_385' title='bbox 1017 3697 1135 3755; x_wconf 85' lang='lat' dir='ltr'><strong>nostros</strong></span> <span class='ocrx_word' id='word_1_386' title='bbox 1147 3693 1381 3769; x_wconf 87' lang='lat' dir='ltr'><strong>corruptissimos</strong></span> <span class='ocrx_word' id='word_1_387' title='bbox 1403 3732 1408 3743; x_wconf 84' lang='lat'><strong>·</strong></span> 
     </span>
     <span class='ocr_line' id='line_1_42' title="bbox 243 3770 1381 3855; baseline 0.006 -23"><span class='ocrx_word' id='word_1_388' title='bbox 243 3774 360 3832; x_wconf 85' lang='lat' dir='ltr'><strong>codices</strong></span> <span class='ocrx_word' id='word_1_389' title='bbox 381 3770 453 3832; x_wconf 81' lang='lat' dir='ltr'><strong>Mas.</strong></span> <span class='ocrx_word' id='word_1_390' title='bbox 482 3776 565 3834; x_wconf 88' lang='lat' dir='ltr'><strong>nobis</strong></span> <span class='ocrx_word' id='word_1_391' title='bbox 588 3775 809 3852; x_wconf 78' lang='lat' dir='ltr'><strong>confugiendum</strong></span> <span class='ocrx_word' id='word_1_392' title='bbox 831 3781 885 3836; x_wconf 89' lang='lat' dir='ltr'><strong>est.</strong></span> <span class='ocrx_word' id='word_1_393' title='bbox 928 3777 988 3835; x_wconf 91' lang='lat' dir='ltr'><strong>Sed</strong></span> <span class='ocrx_word' id='word_1_394' title='bbox 1009 3777 1256 3855; x_wconf 85' lang='lat' dir='ltr'><strong>bi,.quamquarn</strong></span> <span class='ocrx_word' id='word_1_395' title='bbox 1276 3780 1381 3839; x_wconf 82' lang='lat' dir='ltr'><strong>nullius</strong></span> 
     </span>
     <span class='ocr_line' id='line_1_43' title="bbox 243 3857 1382 3939; baseline 0.006 -22"><span class='ocrx_word' id='word_1_396' title='bbox 243 3857 337 3917; x_wconf 91' lang='lat' dir='ltr'><strong>adbuc</strong></span> <span class='ocrx_word' id='word_1_397' title='bbox 359 3859 466 3916; x_wconf 88' lang='lat' dir='ltr'><strong>codicis</strong></span> <span class='ocrx_word' id='word_1_398' title='bbox 486 3867 646 3919; x_wconf 83' lang='lat' dir='ltr'><strong>accuratam</strong></span> <span class='ocrx_word' id='word_1_399' title='bbox 667 3867 902 3938; x_wconf 81' lang='lat' dir='ltr'><strong>constantemque</strong></span> <span class='ocrx_word' id='word_1_400' title='bbox 914 3861 1053 3921; x_wconf 80' lang='lat' dir='ltr'><strong>babemus</strong></span> <span class='ocrx_word' id='word_1_401' title='bbox 1066 3862 1260 3939; x_wconf 68' lang='lat' dir='ltr'><strong>milatium,</strong></span> <span class='ocrx_word' id='word_1_402' title='bbox 1278 3883 1319 3923; x_wconf 87' lang='lat' dir='ltr'><strong>ne</strong></span> <span class='ocrx_word' id='word_1_403' title='bbox 1330 3882 1382 3923; x_wconf 90' lang='lat' dir='ltr'><strong>eo-</strong></span> 
     </span>
    </p>
   </div>
   <div class='ocr_carea' id='block_1_3' title="bbox 252 4002 451 4011">
    <p class='ocr_par' dir='ltr' id='par_1_4' title="bbox 252 4002 451 4011">
     <span class='ocr_line' id='line_1_44' title="bbox 252 4002 451 4011; baseline 0.005 -1"><span class='ocrx_word' id='word_1_404' title='bbox 252 4002 451 4011; x_wconf 55' lang='lat' dir='ltr'><strong>m·—</strong></span> 
     </span>
    </p>
   </div>
   <div class='ocr_carea' id='block_1_4' title="bbox 245 4091 1387 4372">
    <p class='ocr_par' dir='ltr' id='par_1_5' title="bbox 245 4091 1387 4372">
     <span class='ocr_line' id='line_1_45' title="bbox 315 4091 1385 4165; baseline 0.004 -20"><span class='ocrx_word' id='word_1_405' title='bbox 315 4096 347 4160; x_wconf 79' lang='lat'><strong>*)</strong></span> <span class='ocrx_word' id='word_1_406' title='bbox 376 4094 413 4146; x_wconf 82' lang='lat' dir='ltr'><strong>Et</strong></span> <span class='ocrx_word' id='word_1_407' title='bbox 429 4091 516 4145; x_wconf 82' lang='lat' dir='ltr'><strong>Giesii</strong></span> <span class='ocrx_word' id='word_1_408' title='bbox 540 4091 644 4161; x_wconf 86' lang='lat' dir='ltr'><strong>quidem</strong></span> <span class='ocrx_word' id='word_1_409' title='bbox 670 4093 739 4147; x_wconf 86' lang='lat' dir='ltr'><strong>liber</strong></span> <span class='ocrx_word' id='word_1_410' title='bbox 769 4095 802 4151; x_wconf 80' lang='lat' dir='ltr'><strong>de</strong></span> <span class='ocrx_word' id='word_1_411' title='bbox 826 4095 939 4149; x_wconf 86' lang='lat' dir='ltr'><strong>dialecto</strong></span> <span class='ocrx_word' id='word_1_412' title='bbox 963 4095 1069 4148; x_wconf 85' lang='lat' dir='ltr'><strong>Aeolica</strong></span> <span class='ocrx_word' id='word_1_413' title='bbox 1094 4096 1260 4165; x_wconf 86' lang='lat' dir='ltr'><strong>conscriptas</strong></span> <span class='ocrx_word' id='word_1_414' title='bbox 1283 4095 1313 4148; x_wconf 88' lang='lat' dir='ltr'><strong>in</strong></span> <span class='ocrx_word' id='word_1_415' title='bbox 1333 4096 1385 4149; x_wconf 86' lang='lat' dir='ltr'><strong>hac</strong></span> 
     </span>
     <span class='ocr_line' id='line_1_46' title="bbox 245 4160 1385 4235; baseline 0.008 -25"><span class='ocrx_word' id='word_1_416' title='bbox 245 4160 305 4228; x_wconf 87' lang='lat' dir='ltr'><strong>ipsa</strong></span> <span class='ocrx_word' id='word_1_417' title='bbox 323 4162 436 4215; x_wconf 88' lang='lat' dir='ltr'><strong>dialecto</strong></span> <span class='ocrx_word' id='word_1_418' title='bbox 460 4161 597 4214; x_wconf 86' lang='lat' dir='ltr'><strong>tractanda</strong></span> <span class='ocrx_word' id='word_1_419' title='bbox 620 4163 756 4230; x_wconf 86' lang='lat' dir='ltr'><strong>constitit,</strong></span> <span class='ocrx_word' id='word_1_420' title='bbox 781 4164 844 4233; x_wconf 89' lang='lat' dir='ltr'><strong>quia</strong></span> <span class='ocrx_word' id='word_1_421' title='bbox 861 4173 955 4219; x_wconf 89' lang='lat' dir='ltr'><strong>auctor</strong></span> <span class='ocrx_word' id='word_1_422' title='bbox 969 4172 1137 4233; x_wconf 86' lang='lat' dir='ltr'><strong>praematura</strong></span> <span class='ocrx_word' id='word_1_423' title='bbox 1155 4171 1237 4219; x_wconf 84' lang='lat' dir='ltr'><strong>murto</strong></span> <span class='ocrx_word' id='word_1_424' title='bbox 1254 4165 1385 4235; x_wconf 85' lang='lat' dir='ltr'><strong>abreptus</strong></span> 
     </span>
     <span class='ocr_line' id='line_1_47' title="bbox 245 4230 1387 4305; baseline 0.009 -26"><span class='ocrx_word' id='word_1_425' title='bbox 245 4235 306 4294; x_wconf 85' lang='lat' dir='ltr'><strong>est;</strong></span> <span class='ocrx_word' id='word_1_426' title='bbox 332 4231 440 4285; x_wconf 84' lang='lat' dir='ltr'><strong>alterius</strong></span> <span class='ocrx_word' id='word_1_427' title='bbox 459 4237 545 4284; x_wconf 87' lang='lat' dir='ltr'><strong>autem</strong></span> <span class='ocrx_word' id='word_1_428' title='bbox 564 4230 643 4284; x_wconf 87' lang='lat' dir='ltr'><strong>etiam</strong></span> <span class='ocrx_word' id='word_1_429' title='bbox 663 4230 772 4284; x_wconf 80' lang='lat' dir='ltr'><strong>alterurn</strong></span> <span class='ocrx_word' id='word_1_430' title='bbox 792 4233 911 4286; x_wconf 85' lang='lat' dir='ltr'><strong>volumen</strong></span> <span class='ocrx_word' id='word_1_431' title='bbox 931 4231 965 4286; x_wconf 85' lang='lat' dir='ltr'><strong>de</strong></span> <span class='ocrx_word' id='word_1_432' title='bbox 982 4233 1094 4286; x_wconf 87' lang='lat' dir='ltr'><strong>dialecto</strong></span> <span class='ocrx_word' id='word_1_433' title='bbox 1112 4234 1210 4287; x_wconf 88' lang='lat' dir='ltr'><strong>Dorica</strong></span> <span class='ocrx_word' id='word_1_434' title='bbox 1235 4249 1322 4305; x_wconf 83' lang='lat' dir='ltr'><strong>nuper</strong></span> <span class='ocrx_word' id='word_1_435' title='bbox 1344 4240 1387 4289; x_wconf 83' lang='lat' dir='ltr'><strong>est</strong></span> 
     </span>
     <span class='ocr_line' id='line_1_48' title="bbox 246 4295 1172 4372; baseline 0.009 -18"><span class='ocrx_word' id='word_1_436' title='bbox 246 4295 359 4363; x_wconf 81' lang='lat' dir='ltr'><strong>aditura,</strong></span> <span class='ocrx_word' id='word_1_437' title='bbox 376 4301 445 4369; x_wconf 86' lang='lat' dir='ltr'><strong>qaod</strong></span> <span class='ocrx_word' id='word_1_438' title='bbox 468 4299 572 4369; x_wconf 89' lang='lat' dir='ltr'><strong>quidem</strong></span> <span class='ocrx_word' id='word_1_439' title='bbox 590 4306 620 4353; x_wconf 87' lang='lat' dir='ltr'><strong>ut</strong></span> <span class='ocrx_word' id='word_1_440' title='bbox 637 4301 815 4355; x_wconf 86' lang='lat' dir='ltr'><strong>nanciscerem</strong></span> <span class='ocrx_word' id='word_1_441' title='bbox 833 4302 947 4355; x_wconf 89' lang='lat' dir='ltr'><strong>nondum</strong></span> <span class='ocrx_word' id='word_1_442' title='bbox 965 4303 1028 4356; x_wconf 85' lang='lat' dir='ltr'><strong>mibi</strong></span> <span class='ocrx_word' id='word_1_443' title='bbox 1047 4304 1172 4372; x_wconf 61' lang='lat' dir='ltr'><strong>conant,</strong></span> 
     </span>
    </p>
   </div>
   <div class='ocr_carea' id='block_1_5' title="bbox 0 0 1484 4900">
    <p class='ocr_par' dir='ltr' id='par_1_6' title="bbox 0 0 1484 4900">
     <span class='ocr_line' id='line_1_49' title="bbox 0 0 1484 4900; baseline 0 0"><span class='ocrx_word' id='word_1_444' title='bbox 0 0 1484 4900; x_wconf 95' lang='lat' dir='ltr'><strong> </strong></span> 
     </span>
    </p>
   </div>
  </div>
 </body>
</html>
