2942 4900
408 137 454 200 Dc
476 137 597 198 dialecto
620 139 785 206 Herodotea
806 140 853 199 lib.
877 142 901 203 Ι.
1180 140 1220 204 87

96 324 154 364 rum
173 303 309 382 quidem,
336 303 385 379 qui
414 305 470 363 soli
496 305 568 382 ipsis
589 304 627 363 ab
653 306 816 365 editoribus
839 306 983 366 Hcmdoti
1008 315 1075 368 sunt
1094 311 1227 391 inspecti,

95 391 167 449 Fet
187 391 232 463 S,
253 406 340 466 quum
359 389 477 467 saepius
500 396 638 456 taceatur,
663 392 731 467 quid
754 392 782 448 in
795 391 850 448 'his
872 393 1010 468 scriptum
1032 399 1134 470 exstet,
1156 398 1227 473 quid

94 493 146 533 non
163 470 305 550 exstet*),
326 474 419 532 nostri
440 473 526 548 igitur
540 473 699 533 Herodotei
721 475 837 534 codices
858 476 899 534 ita
919 478 1077 553 comparati
1098 488 1176 554 sunt,
1196 487 1228 539 ut

94 558 136 617 nbi
158 577 232 616 unus
258 563 307 617 aut
332 557 406 615 alter
425 557 623 616 Herodoteam
649 560 791 635 quandam
815 560 931 616 sormam
953 561 1089 637 praebet,
1119 563 1157 620 ibi
1179 564 1225 620 alii

95 641 213 701 Atticam
232 648 282 700 aut
300 641 384 701 aliam
405 641 557 718 quamlibet
578 639 630 701 sad
646 662 703 700 non
723 643 920 701 Herodoteam
941 644 1102 723 exhibeant,
1126 652 1156 704 et
1177 649 1225 705 ubi

94 728 127 799 ii,
150 727 198 803 qui
226 728 315 785 modo
337 726 433 802 aliquo
462 727 492 783 in
519 726 591 785 loco*
606 727 758 803 geuuiuain
779 726 923 788 habebant
951 730 1138 807 scripturam,
1166 750 1224 790 non

94 810 282 869 Herodoteam
302 811 463 889 praebent,
483 810 520 868 ibi
542 812 580 886 ii,
605 812 652 887 qui
674 813 759 869 modo
782 811 869 869 salsas
891 812 1048 889 scripturas
1068 815 1225 892 habebant,

95 900 180 953 rectas
194 895 364 973 praebeant.
407 893 460 951 Cui
479 895 636 970 variationi,
659 915 745 971 quum
760 896 874 954 minime
888 896 972 954 nobis
986 904 1113 957 statuere
1129 900 1223 975 liceat,

95 978 267 1038 Herodotum
286 980 361 1037 idem
383 977 551 1040 vocabulum
571 979 831 1055 vocabulorumque
847 1000 937 1056 genuus
956 983 1043 1039 modo
1062 983 1115 1042 hac
1136 985 1223 1042 modo

94 1062 135 1121 illa
155 1063 247 1122 torma
269 1082 442 1141 usurpasse,
464 1069 492 1121 et
514 1083 600 1141 quum
622 1082 721 1142 parum
744 1066 879 1142 praesidii
900 1065 968 1122 insit
989 1066 1107 1141 singuiis
1129 1069 1157 1125 in
1178 1067 1223 1124 lo·

96 1150 145 1222 cis,
172 1149 213 1205 sic
244 1148 452 1205 occurrendum
478 1167 544 1205 esse
566 1145 694 1221 videtur,
721 1154 752 1206 ut
778 1149 905 1208 collectis
930 1149 1014 1207 unius
1035 1152 1222 1227 ejusdemque
1320 1168 1322 1170 ·

95 1229 212 1289 vocabuli
231 1232 492 1309 vocabulorumque
514 1233 629 1306 generis
650 1233 787 1311 exemplis
811 1233 953 1309 omuibus,
972 1235 1085 1293 ratione
1107 1254 1223 1312 quoque

95 1317 118 1374 iu
136 1316 197 1376 loco
218 1315 349 1374 codicum
367 1317 508 1393 scriptura
525 1317 639 1392 habita,
662 1333 798 1375 susurnam
821 1317 962 1392 quandam
984 1318 1029 1375 vel
1051 1320 1223 1397 depravata·

97 1420 148 1457 rum
167 1399 212 1458 vel
229 1406 374 1459 rectarum
396 1398 551 1458 formarum
571 1401 761 1459 subducamus
780 1406 866 1476 atque
889 1402 1080 1476 conteramus,
1098 1404 1222 1479 indeque

98 1486 198 1542 codices
219 1485 304 1562 ipsos
325 1485 400 1543 iuter
413 1503 448 1542 se
469 1484 658 1547 conciliemus.
701 1485 865 1544 Restabant
878 1491 972 1543 tamen
988 1487 1130 1544 interdum
1146 1505 1221 1544 non·

95 1567 153 1626 uulli
177 1569 250 1644 loci,
282 1568 329 1627 ubi
359 1569 475 1628 codices
498 1589 596 1627 omnes
620 1589 729 1627 summo
753 1588 895 1627 consensu
922 1568 961 1645 (si
983 1571 1057 1628 enim
1078 1570 1220 1629 silentium
1261 1621 1264 1626 .

95 1671 196 1729 eorum,
221 1653 270 1729 qui
293 1653 423 1714 codicum
444 1653 682 1711 conferendorum
703 1672 804 1711 mutnus
825 1654 854 1710 iu
880 1672 912 1711 se
933 1660 1136 1730 susceperunt,
1164 1674 1219 1731 pro

97 1756 224 1796 consensu
249 1744 298 1795 est
327 1734 502 1816 habendum)
531 1743 631 1797 contra
659 1738 858 1796 Herodoteum
879 1756 961 1794 usum
983 1738 1125 1805 nituntur3
1156 1741 1218 1814 sed,

96 1839 181 1896 quum,
201 1828 232 1880 ut
253 1823 397 1899 pessimos
419 1833 621 1898 normunquam
640 1842 701 1880 cum
724 1821 978 1900 praestantissimis
996 1822 1161 1899 conspirare
1175 1824 1219 1879 vi·
1246 1842 1254 1848 ’

96 1905 176 1964 dinus
195 1911 222 1964 et
235 1907 364 1985 optimos
380 1904 453 1963 t‘alsa
469 1905 639 1978 exhibuisse,
661 1906 703 1963 sic
724 1906 811 1963 etiam
829 1905 890 1962 lieri
907 1905 1046 1981 potuerit,
1066 1910 1097 1962 ut
1118 1923 1218 1962 omnes

95 1991 251 2067 superstites
281 1990 452 2068 quibusdam
481 1990 510 2046 in
538 1989 610 2048 locis
635 1991 710 2047 malo
736 1990 772 2046 de
795 1987 948 2065 exemplari
976 1988 1219 2063 describerentur,

95 2073 210 2150 maleque
231 2076 378 2153 descripta
400 2077 596 2148 servarentur,
618 2074 688 2132 nihil
709 2093 763 2131 nos
784 2072 924 2150 impedire
944 2072 1048 2145 video,
1067 2072 1219 2148 quominus
1243 2079 1245 2084 ’

95 2157 147 2216 istis
170 2161 197 2217 iu
217 2158 309 2235 locis,
336 2159 489 2217 dummodo
513 2158 648 2236 pleraque
670 2156 799 2236 exempla
820 2155 938 2232 regulae
956 2174 990 2216 ac
1009 2174 1127 2214 normae
1151 2174 1218 2214 sese

96 2244 374 2320 accommodaverim,
403 2263 523 2322 prorsus
550 2245 679 2302 codicum
699 2241 772 2304 Mss.
802 2242 1000 2299 auctoritatem
1027 2239 1218 2318 negligamus,

96 2365 282 2380 Ἠ...-

31 2490 32 2495 ,
154 2423 182 2492 *)
198 2425 267 2479 Vide
285 2424 469 2479 Praefatioucs
486 2423 646 2494 wesseling.
666 2429 693 2477 et
711 2422 864 2492 Schweigh.
890 2452 925 2461 -
951 2421 1064 2488 struve,
1083 2421 1163 2490 Spec.
1179 2420 1215 2489 Il,

97 2494 244 2562 p.15;111,
264 2514 293 2564 p.
312 2494 406 2553 teto.
423 2524 458 2532 —
477 2497 536 2558 Qus
555 2496 582 2546 in
600 2494 740 2546 occasione
756 2494 847 2544 facere
863 2509 915 2543 nou
933 2507 1049 2559 possum,
1067 2491 1130 2557 quin
1149 2507 1215 2558 que-

97 2578 133 2612 rsr
147 2563 176 2614 de
192 2563 373 2616 illiberalitste
391 2565 502 2632 quadam
522 2574 549 2616 et
567 2563 760 2627 occultatione,
781 2562 807 2611 iu
825 2577 879 2628 qua
897 2560 1045 2611 absconditi
1063 2560 1216 2627 plerumque

97 2630 224 2685 retinentur
242 2634 350 2686 codices
367 2633 542 2701 manuscripti
563 2632 597 2683 iis
620 2632 648 2682 in
666 2630 744 2695 locis,
770 2630 815 2681 ubi
839 2628 919 2680 semel
945 2636 1007 2680 suot
1024 2628 1116 2697 positi.
1153 2627 1215 2680 Mes

97 2698 187 2767 quidem
209 2721 240 2755 ex
263 2701 396 2756 sententia
418 2718 508 2754 omues
532 2706 634 2769 quotqu
652 2708 664 2750 t
686 2703 829 2766 superstant
851 2696 968 2762 cujusvis
991 2695 1084 2762 scripti
1109 2695 1214 2747 codices

97 2771 250 2840 manuscripti
270 2770 391 2824 omnibus
409 2788 466 2831 cunr
486 2770 648 2823 vitiis'omur
669 2781 753 2834 usque
771 2783 828 2817 curn
846 2765 938 2832 signis,
960 2763 1071 2828 lineolis,
1089 2762 1213 2814 ductibus

98 2838 277 2893 accuratissime
295 2839 550 2908 diligentissimeque
567 2836 642 2906 typis
660 2833 827 2887 describendi
839 2839 909 2899 sunt,
929 2837 1064 2883 uteorum
1083 2830 1214 2912 exempla·
1266 2852 1269 2857 ·

97 2904 128 2961 ria
141 2924 222 2963 omnes
239 2909 268 2960 in
280 2910 374 2962 'tomas
390 2925 531 2976 omnesque
542 2907 570 2958 in
587 2902 943 2969 bibliothecas·ourniumque
960 2901 987 2952 iu
1007 2916 1097 2952 manus
1113 2899 1214 2952 dimitti

98 2976 193 3042 possint.
228 2979 420 3031 Obmutesceut
435 2987 490 3030 turn
507 2975 649 3044 querelae,
669 2973 789 3035 tortasse
812 2988 881 3024 nuuc
903 2970 1007 3038 quidam
1024 2968 1153 3022 interdurn
1171 2969 1213 3021 iu·

98 3059 161 3111 aues,
189 3044 222 3098 de
240 3048 366 3114 levitate,
394 3046 561 3113 indiligentia
586 3052 666 3113 atque
689 3041 791 3097 incuria
815 3040 982 3104 collatorum,
1011 3054 1121 3106 quorum
1146 3037 1213 3091 alius

98 3109 149 3166 ulios
178 3117 210 3167 ad
239 3132 283 3169 res
312 3115 339 3168 in
364 3116 500 3171 codicibus
529 3110 696 3166 conterendis
725 3110 866 3178 respiciat,
901 3109 958 3161 suis
989 3106 1102 3176 quisque
1127 3105 1211 3176 ipsius

97 3184 120 3231 et
142 3185 263 3253 temporis
291 3184 439 3239 rationibus
463 3183 577 3250 ductus,
607 3186 638 3233 ut
664 3179 744 3231 iidem
770 3179 875 3230 codices
899 3177 983 3240 Mes,
1007 3176 1091 3227 donec
1109 3194 1124 3228 e
1141 3194 1211 3229 corn-

100 3250 208 3304 uuuitste
225 3254 350 3321 disjuncti
370 3253 547 3316 occultentur,
572 3267 620 3302 sua
638 3257 733 3318 sponte
753 3256 843 3316 pateat
859 3249 934 3312 tore,
956 3252 986 3298 ut
1000 3262 1104 3314 semper
1121 3247 1212 3297 eodem

99 3318 160 3370 uodo
176 3323 336 3389 conterendi,
355 3321 470 3375 novandi
482 3329 509 3373 et
522 3318 712 3373 iterandisiut.
749 3318 818 3370 'l'um
836 3317 916 3369 otiam
932 3314 1044 3367 celerius
1061 3331 1093 3366 ac
1108 3313 1213 3366 felicius

99 3387 200 3442 omuibus
218 3391 244 3443 in
264 3392 385 3459 partibus
400 3388 574 3456 antiquitatis
597 3387 745 3441 studiorum
763 3403 810 3438 uos
828 3382 1016 3463 procedemus,
1042 3381 1143 3450 quippe
1163 3383 1214 3449 qui

131 3473 172 3511 nes
189 3477 235 3512 uos
252 3459 339 3512 edocti
357 3459 617 3529 primarios't'outes‚
635 3455 748 3508 omnium
767 3463 819 3507 turn
837 3455 863 3504 in
882 3450 1105 3517 disputationibus
1122 3452 1211 3516 quoti—

112 3539 133 3574 ιο
149 3527 275 3594 agitatos5
293 3545 325 3580 ac
336 3527 492 3598 sperandum
510 3531 568 3590 est,
586 3525 645 3577 fore
663 3532 734 3592 tum,
752 3519 987 3585 ut‚tundou1eutis
1005 3516 1109 3600 firmius
1120 3517 1210 3585 jactis,

100 3591 207 3649 altissima
231 3614 350 3666 quaeque
373 3597 438 3649 baec
463 3602 553 3648 nostra
574 3593 662 3646 studia
681 3598 826 3663 appetant,
850 3590 1026 3655 majoremque
1047 3602 1076 3638 rs
1098 3586 1209 3653 gloriam

99 3658 254 3733 laudemque,
279 3683 348 3718 nunc
368 3666 472 3735 quidem
498 3665 526 3716 in
549 3664 605 3715 dies
629 3662 712 3730 magis
729 3662 765 3713 iis
781 3658 910 3712 immerito
930 3664 1067 3724 negatam,
1091 3656 1210 3711 veniant.

99 3729 165 3798 Atqui
180 3734 367 3803 inscriptiones
384 3741 503 3788 veterum
520 3749 608 3785 nonne
624 3734 694 3784 sicut
711 3731 838 3783 iuventae
851 3726 997 3794 suot-typis
1024 3723 1211 3777 describendas

99 3809 208 3855 curarunt
222 3821 255 3856 oc
272 3805 388 3857 corna?
423 3806 521 3857 Nonne
537 3801 584 3854 alii
602 3799 709 3869 quidam
728 3798 833 3851 codices
846 3797 912 3851 lllss.
933 3794 1020 3862 paullo
1038 3803 1101 3862 post
1117 3794 1210 3845 inven-

99 3871 141 3919 tan
154 3874 366 3942 typographicam
390 3880 490 3940 artem,
513 3872 550 3924 sic
573 3876 603 3922 ut
622 3876 712 3934 eraut,
736 3867 866 3935 exscripti
889 3870 951 3916 suist
974 3861 1115 3944 typis,·ut
1139 3862 1210 3914 nulla

98 3933 157 3999 iusta
172 3958 284 4015 veraque
301 3959 379 3996 causa
397 3943 460 3994 milri
478 3940 583 4011 quidem
601 3940 710 3990 subesse
728 3936 859 4000 videatur,
878 3951 925 3987 cur
942 3933 1020 3984 etiam
1039 3931 1098 3981 alius
1110 3930 1210 3982 codici·

99 4003 138 4056 bus
153 4011 245 4076 majore
262 4026 319 4064 curn
337 4011 495 4074 detrimento
518 4010 546 4061 id
571 4007 727 4061 beneticiuur
753 4009 916 4072 denegetur,
948 3999 1103 4081 praesertim
1130 4016 1208 4081 quoru

100 4075 164 4130 etiarn
179 4078 221 4131 alii
238 4080 279 4132 bis
296 4082 323 4133 in
341 4081 435 4133 studiis
453 4096 567 4133 summae
585 4075 752 4129 auctoritatis
770 4074 822 4125 viri
840 4073 936 4124 uostris
954 4069 1114 4136 temporibus
1133 4085 1158 4117 ur
1178 4070 1208 4119 lr-

100 4141 145 4196 bris
161 4155 273 4205 cetorum
297 4168 313 4203 e
334 4149 470 4202 codicibus
490 4149 556 4203 ltlss.
583 4147 692 4216 primurn
716 4142 825 4196 edendis
849 4142 947 4194 versati
967 4153 1041 4205 squaru
1058 4136 1209 4190 fidelissime

101 4212 170 4277 rrius
186 4216 212 4269 iu
231 4218 345 4273 editione
363 4218 482 4272 codicum
500 4215 658 4303 scripturum
677 4212 837 4266 reddendam
855 4227 912 4263 esse
931 4204 1090 4260 censuerint.
