2942 4900
436 174 1002 275 uednetofleodoteaue.1rr.s
1205 196 1270 264 uos

211 354 258 415 Ac
281 372 387 415 nomen
407 348 425 420 ὅ
447 357 534 431 siloe
555 360 610 418 sub
634 360 726 420 altera
751 363 836 422 etiam
865 365 962 442 specie
983 366 1127 427 invenitur
1148 365 1271 452 sllcirne

123 440 229 520 (soem.
263 441 378 513 εἷλωτίς
405 440 481 502 Plut.
506 443 612 527 Agesll
639 443 680 522 3.)
708 448 787 524 cujus
806 449 976 525 posterioris
996 452 1104 511 formae
1126 457 1270 529 genitivus

120 527 249 587 maxime
268 526 386 602 pluralis
410 525 561 587 Herodoto
579 529 722 588 familiaris
747 531 834 590 fuisse
861 533 992 609 videtur,
1024 538 1066 593 sic
1086 536 1135 598 Vl.
1154 544 1189 597 58
1209 541 1271 598 sine

120 612 230 670 variet.
248 610 394 673 εἱλωτέων
413 613 550 689 scripturn
578 622 681 689 exstat,
703 620 735 672 ut
751 622 904 693 praeterea
914 616 961 676 Vl.
975 622 1019 681 75.
1042 625 1088 683 80,
1107 620 1157 679 ΙΧ.
1169 627 1272 688 2280.

122 695 210 754 Unus
230 695 278 753 ille
300 693 399 772 locus,
425 696 473 754 ubi
495 693 623 758 elicitur
643 699 729 773 vulgo
750 699 873 776 legitur,
900 701 1008 763 lx.1o
1030 710 1109 764 recte
1131 706 1272 782 aBelrk„

122 786 156 838 nt
178 780 313 857 purius,
335 782 415 839 uncis
438 781 566 841 seclusus
588 790 644 841 est.
685 783 851 861 Eademque
872 805 935 845 cum
957 789 1119 847 constantia
1139 790 1169 847 in
1186 808 1272 849 oocu-

121 865 228 922 sativis
244 865 334 923 habes
355 861 406 927 τὸν
426 865 534 927 εἵλωτα
555 866 618 929 Vll.
641 871 702 926 229.
739 863 810 941 rode
832 869 954 942 εἵλωτας
977 872 1025 931 VI.
1045 878 1090 932 81.
1125 872 1203 934 vill.
1224 881 1269 937 25.

117 948 176 1006 lX.
198 953 244 1013 eu·
273 950 348 1007 etin
368 949 505 1009 nominat.
525 951 599 1028 plur.
621 951 792 1025 nisiinter
811 953 862 1016 lX.
881 960 926 1014 80.
947 961 993 1020 85.
1015 988 1058 1000 ··-
1091 958 1154 1016 Nec
1174 963 1271 1018 tamen

121 1033 267 1111 probatur
287 1033 355 1091 mihi
374 1032 515 1093 Lobeckii
535 1037 610 1094 ratio
630 1035 680 1111 (ed
701 1038 810 1095 Buttm.
832 1038 870 1113 ΙΙ,
891 1060 921 1117 p.
943 1042 996 1099 uit
1017 1036 1079 1121 sq.)
1100 1041 1165 1099 illos
1187 1043 1271 1117 geni·

120 1117 200 1175 ticos
221 1115 367 1179 εἱλωτέων
386 1119 424 1176 ad
445 1119 558 1177 tertiam
579 1120 811 1198 declinationem,
829 1122 949 1185 ilonice
969 1125 1095 1199 inserta,v
1108 1126 1270 1201 referentis,

125 1201 196 1279 quia
224 1203 415 1281 nominativus
446 1200 570 1281 rltoirne
600 1206 679 1280 apud
707 1211 837 1264 nostrum
866 1227 924 1266 non
952 1209 1122 1268 inveniatur.
1169 1211 1202 1267 Si
1229 1211 1271 1268 ita

123 1292 224 1362 esset,
245 1288 308 1345 sine
330 1287 389 1346 nlla
409 1288 586 1347 dubitatione
605 1289 712 1365 ubique
734 1286 866 1352 εἱλώτων
887 1308 1069 1370 reponerem,
1090 1295 1197 1371 quippe
1219 1294 1268 1371 qui

121 1372 242 1428 omnino
264 1391 368 1448 negem
387 1370 461 1431 lianc
479 1378 531 1431 aut
553 1372 638 1431 ullam
655 1373 743 1432 aliam
764 1373 781 1438 Ξ
803 1376 967 1434 insertiranr
987 1395 1053 1435 esse
1072 1378 1268 1457 Herodoteanr

125 1452 180 1529 (cf.
190 1454 266 1513 infra
281 1475 311 1532 p.
323 1452 375 1515 235
387 1475 432 1533 sq.
451 1462 480 1515 et
488 1457 556 1535 253)
573 1476 664 1533 quare
680 1466 710 1517 et
725 1458 763 1517 ob
774 1459 855 1518 'hane
867 1478 983 1519 causam
994 1458 1074 1519 et'ob
1090 1480 1268 1534 communem

124 1540 251 1598 omnium
270 1540 407 1598 librorum
428 1561 615 1617 consensum,
645 1562 702 1619 quo
735 1543 879 1606 elicietur
905 1545 968 1603 istis
989 1545 1018 1602 in
1039 1544 1110 1604 locis
1134 1548 1270 1624 scriptum

31 1622 33 1627 ’
122 1630 229 1699 exstat,
256 1624 294 1682 ad
313 1625 423 1703 primae
442 1626 641 1686 declinationis
660 1629 780 1686 formam
800 1622 925 1707 silvinne
946 1630 1060 1687 transiri
1082 1631 1170 1689 satiris
1192 1631 1268 1693 duxi.

208 1707 348 1768 Datiruni
364 1709 550 1787 putaremur
572 1712 716 1770 secundae
738 1713 936 1773 declinationis
957 1716 986 1771 in
1006 1713 1069 1777 ῑιῖι
1094 1717 1138 1773 sic
1157 1716 1268 1793 primae

122 1798 292 1852 constanter
311 1796 341 1851 in
362 1796 414 1874 pc}
435 1796 512 1874 apud
532 1800 665 1853 nostrum
686 1797 831 1855 terminari
852 1799 882 1855 in
902 1797 1005 1873 vulgus
1027 1803 1211 1873 astantum,
1237 1804 1268 1857 et

121 1880 205 1936 reete
226 1879 290 1935 cod.
309 1881 341 1936 S.
363 1875 400 1936 lt
426 1886 461 1939 36
479 1882 546 1952 ταῖς
565 1881 649 1960 χερσί
665 1901 720 1958 pro
739 1885 811 1963 τῇσι
826 1883 911 1962 χερσί
932 1883 1042 1956 vulgat.
1063 1882 1117 1941 lll.
1139 1888 1193 1942 110
1202 1886 1268 1954 ταῖς

122 1964 278 2042 νυκτερίσι
300 1964 485 2041 provulgat.
507 1968 577 2049 epioe
598 1987 685 2026 ννκτ.
704 1967 850 2043 praebens
871 1966 1021 2042 neglectus
1041 1971 1107 2033 est;
1137 1967 1192 2023 sed
1214 1967 1268 2022 in·

122 2047 230 2104 merito
251 2047 340 2106 adlrne
363 2047 439 2112 Vlll.
462 2055 496 2108 15
516 2055 583 2122 ταῖς
603 2044 707 2122 αὐταῖς
727 2047 853 2132 ἡμέραις
870 2050 998 2128 plerique
1019 2051 1197 2108 retinuerunt
1206 2048 1268 2126 (alii

121 2126 182 2202 soie
206 2125 297 2204 αὕτως
321 2126 433 2206 ταύτας
456 2131 585 2213 ἡμέρας)
617 2154 671 2212 pro
698 2135 802 2211 quibus
831 2135 876 2193 vel
897 2135 1029 2193 omnibus
1061 2133 1142 2191 libris
1170 2134 1267 2193 invitis

122 2215 295 2275 Herodotea
310 2220 380 2301 τῇσι
394 2210 505 2304 crispei
520 2216 650 2302 p‘pipper
663 2221 831 2297 reponenda
843 2227 936 2293 erant,
955 2225 987 2277 ut
1002 2222 1061 2297 jam
1083 2237 1171 2295 supra
1190 2238 1221 2296 p.
1231 2224 1268 2278 83

121 2300 247 2359 vidimus
265 2297 432 2365 corudcocor
445 2296 635 2364 πάθωωΠΙ.
656 2309 692 2362 to
710 2304 757 2362 vel
776 2309 896 2383 propter
918 2304 997 2381 ipsas
1018 2303 1070 2362 has
1091 2304 1269 2362 termatiu-

121 2402 189 2462 nee,
206 2405 267 2444 uon
285 2386 481 2465 Herodoteas‚
506 2389 661 2467 rejicienda
682 2407 758 2451 esse.
800 2390 905 2466 Neque
927 2391 1012 2447 etiarn
1035 2408 1098 2446 cum
1121 2387 1189 2449 Ald.
1209 2389 1266 2445 isto

121 2470 153 2527 in
186 2472 252 2529 loco
281 2466 398 2534 adnoto
417 2468 535 2536 πάθεσι
555 2475 730 2552 praeferam
758 2494 931 2551 qumquam
960 2475 1035 2533 enim
1063 2474 1147 2532 nirnis
1178 2473 1268 2531 fusse

121 2555 247 2614 videaris
268 2556 399 2632 subtilis,
416 2560 440 2616 si
457 2578 589 2636 magnum
611 2559 795 2620 contenderis
817 2559 969 2616 discrimen
988 2560 1063 2617 inter
1080 2552 1190 2634 πάθη,
1209 2553 1268 2617 reui-

120 2644 211 2719 θημα
225 2648 256 2699 et
273 2636 377 2714 πάθος
389 2644 468 2721 upnd
489 2654 617 2702 nostrum
638 2644 854 2715 intercessisse,
871 2642 927 2699 nisi
946 2642 1027 2718 quod
1048 2642 1139 2699 solum
1161 2636 1268 2712 πάθος

122 2724 160 2783 de
181 2725 263 2784 clade
286 2733 331 2783 est
352 2713 521 2805 usurpattssr
543 2728 595 2805 (cf.
606 2721 772 2802 Schweigh(
783 2726 839 2784 lex.
848 2726 960 2786 Herod.
980 2745 1004 2783 s.
1021 2744 1048 2787 v.
1073 2725 1175 2784 Δωτώ.
1186 2724 1266 2782 Pers.

119 2828 165 2875 vs,
186 2817 250 2869 250.
271 2815 334 2870 286.
354 2817 407 2871 ere
427 2820 457 2870 et
477 2812 557 2890 alibi)
584 2820 678 2874 tamen
698 2810 884 2888 plurimorum
903 2811 990 2873 codd.
1012 2809 1085 2869 diss.
1102 2808 1266 2867 auctoritati

120 2890 229 2953 hocin
250 2914 359 2972 genere
380 2896 636 2976 obtemperandum
655 2904 721 2954 esse
740 2896 826 2955 duco.
895 2911 898 2916 ‘

427 3102 597 3167 Declinatio
617 3102 751 3170 secunda
769 3101 957 3170 Herodoteu

207 3231 335 3290 Nomine
361 3231 488 3309 vulgaris
519 3233 663 3293 secundae
688 3233 888 3292 declinationis
908 3252 1026 3312 prorsus
1048 3232 1170 3291 eandem
1189 3230 1268 3309 opud

121 3322 265 3392 nostrum,
286 3316 392 3374 dativo·
404 3317 507 3396 plurali
527 3326 659 3397 excepto,
680 3323 838 3396 sequuntur
856 3320 990 3377 flectendi
1011 3318 1161 3389 rationem,
1183 3334 1268 3393 quoru

120 3401 207 3477 volgo
230 3402 308 3478 apnd
333 3401 405 3460 alios
425 3403 558 3461 Graecos
587 3404 754 3480 scriptores.
795 3401 920 3460 Dativus
951 3404 1026 3460 enirn
1052 3401 1170 3479 pluralis
1198 3419 1267 3457 eon·

121 3492 235 3546 stanter
261 3485 291 3545 in
308 3483 369 3550 (ἷιῖι
392 3486 578 3563 terminatur,
607 3492 636 3544 et
656 3486 797 3563 quidquid
823 3486 888 3545 haic
909 3484 1026 3562 regulae
1043 3484 1216 3543 contrarium
1236 3483 1268 3540 in

120 3570 203 3629 libris
239 3572 416 3646 inveniatur,
448 3572 542 3630 statim
570 3571 762 3630 dammndum
792 3573 1017 3647 mutandumque
1039 3587 1113 3631 xesse
1141 3584 1268 3638 cense03

121 3664 210 3733 atque
230 3664 279 3714 eet
296 3657 464 3733 plerunque
483 3658 542 3731 jem
570 3662 648 3714 reete
667 3656 829 3714 damnatum
860 3656 896 3715 ef.
922 3653 997 3714 enim
1019 3652 1088 3713 Var.
1110 3650 1205 3712 Lectt.
1227 3647 1268 3707 ad

120 3739 145 3803 l.
167 3745 212 3803 86.
234 3746 279 3800 98
305 3743 342 3801 ΙΙ.
364 3746 424 3801 142.
446 3741 497 3803 ΙΙΙ.
518 3746 563 3801 36.
585 3744 629 3799 72.
652 3745 712 3801 159.
734 3737 1142 3802 V11.11.86.175.1X.82.
1181 3734 1270 3808 Uuth

118 3832 203 3904 patet
231 3827 368 3884 uitiosum
400 3821 533 3909 ἐγγείοις
551 3826 599 3884 Vl.
622 3828 672 3885 119
695 3825 788 3883 adhuc
809 3825 846 3883 eb
867 3824 998 3909 omnibus
1017 3823 1092 3883 male
1113 3825 1272 3893 retentum,

120 3911 218 3969 statim
241 3909 271 3968 in
292 3903 445 3992 ἆγγηΐοωι
464 3913 630 3985 mnrium
653 3928 740 3980 esse3
767 3916 865 3986 patet,
887 3927 974 3985 qrrarn
992 3909 1067 3967 falso
1086 3906 1219 3999 saepius,
1237 3908 1270 3972 ut

120 3993 172 4055 Vl·
191 4001 260 4069 108,
280 3999 379 4058 coirde
399 4017 454 4075 pro
477 3997 587 4057 torrido
607 3996 745 4072 seriptum
764 3994 942 4053 exhibeatur.
962 4025 1005 4040 -
1036 3993 1097 4051 Sed
1126 3989 1269 4086 genitivus

119 4065 273 4156 iiogutsris
294 4086 460 4140 constanter
478 4081 588 4158 vulgari
609 4080 697 4139 modo
717 4080 748 4136 in
765 4080 807 4141 ὀἳ
824 4080 1020 4139 terminandos
1042 4082 1097 4153 est,
1118 4081 1148 4136 et
1167 4080 1269 4132 temr-

120 4168 253 4226 nationes
279 4170 308 4225 iu
326 4166 379 4232 ῐό
400 4174 429 4226 et
452 4165 493 4233 ῐῶ
516 4185 607 4244 aeque
628 4165 821 4242 rejiciendaez
855 4166 907 4225 111.
928 4167 963 4229 or
990 4157 1164 4231 Kourdoroe
1190 4176 1267 4218 nunc

121 4250 197 4328 vulg.
222 4249 402 4316 Καννωὶσωο
413 4254 448 4312 V.
461 4254 492 4317 S.
508 4252 556 4309 lV.
573 4255 625 4311 166
635 4243 793 4332 Αἰγύπτου
809 4250 886 4327 vulg.
905 4242 1074 4338 Αἰγύπτοιο
1096 4246 1119 4308 l.
1136 4251 1190 4312 192
1209 4236 1271 4318 tide
