2942 4900
337 180 340 183 Ι
448 224 492 282 De
513 223 630 282 dialecto
655 222 818 285 Herodotea
840 221 885 282 lib'.
910 223 931 280 Ι.
1130 219 1140 225 ’
1191 286 1194 295 .
1207 224 1246 290 17

1 457 2 464 ,
189 390 399 468 Transgrediar
416 390 475 469 jam
496 392 534 449 ad
556 391 639 451 alium
662 388 764 467 locum,
786 393 833 466 qul
855 397 900 451 est
916 391 957 456 ll.
985 392 1044 452 116,
1086 390 1173 461 Quod
1198 414 1246 454 ea-

1 531 2 536 ,
103 477 225 556 pitulum
250 496 342 552 aeque
366 494 399 537 ac
420 495 542 553 sequeus
563 485 607 535 tot
628 478 771 552 tantisque
792 475 1003 534 difficultatibus
1030 479 1132 552 premi,
1162 479 1244 537 Stru-

102 565 164 620 vius
188 563 258 619 dixit
280 563 378 638 (Spes.
404 559 425 617 Ι.
449 580 477 636 p.
511 561 636 619 43.coll.
667 580 694 637 p.
712 562 783 636 ¹34),
807 567 836 618 et
866 578 979 619 manum
1010 561 1243 638 interpolatricem

1 703 2 706 ,
98 666 160 705 ⁴nrm
185 665 243 703 uno
267 646 293 702 in
320 645 381 702 loco
403 651 545 722 expertum
568 665 639 717 esse,
663 652 694 702 ut
716 646 761 703 alii
782 646 900 722 tempori
919 646 992 703 hauc
1020 646 1242 720 disquisitionem

104 731 157 787 sibi
178 731 374 788 reservandam
400 748 462 787 esse
481 736 616 787 censeret.
649 730 708 787 Sed
725 737 815 787 morte
834 730 911 807 prius
928 737 971 787 est
990 730 1133 808 abreptus,
1157 748 1242 807 qnam

102 814 278 893 propositum
298 814 417 892 peregit.
462 813 502 872 Ut
524 832 590 884 vero
617 812 662 872 ille
691 815 776 873 verba
802 809 869 886 ίςδ
896 814 950 872 ίιοο
978 832 1012 872 ex
1048 816 1140 892 capite
1165 823 1242 876 recte

101 898 221 974 ejecerat
242 900 280 955 ad
305 898 439 955 orationis
460 903 585 956 tenorem
606 898 826 970 restituendum,
848 899 887 955 sic
908 899 962 956 alia
991 901 1075 957 etiam
1096 898 1182 958 verbo
1208 907 1240 960 ut

95 980 192 1041 aliena
217 981 385 1040 eliminanda
410 1000 472 1049 esse
499 1001 607 1040 censeo.
650 983 800 1041 Herodoto
827 983 898 1041 euim
921 983 1003 1042 etiam
1032 983 1174 1042 Homerus
1196 987 1240 1043 fa-

97 1084 175 1125 mam
199 1064 273 1124 illam
295 1067 437 1144 accepisse
458 1066 535 1142 risus
554 1072 613 1139 est,
636 1065 825 1126 Alexandrum
852 1085 914 1125 cum
941 1074 1024 1143 rapta
1050 1068 1160 1126 Helena
1181 1088 1238 1127 non

99 1150 245 1222 continrm,
271 1155 303 1208 ut
325 1151 491 1229 Cypriorum
507 1152 656 1209 carminum
672 1160 771 1211 auctor
788 1142 899 1210 caueret
920 1152 969 1229 (ef.
987 1150 1069 1209 Eust.
1083 1151 1119 1209 Jl.
1136 1157 1240 1212 503:

51 1234 53 1243 '
98 1236 178 1310 643),
200 1234 316 1309 Troiam
333 1237 452 1313 venisse,
474 1236 524 1292 sed
543 1236 667 1293 adversis
685 1238 774 1296 ventis
790 1255 808 1293 a
829 1255 911 1294 cursu
928 1235 1085 1313 depulsum,
1114 1239 1152 1295 ad
1168 1236 1239 1297 Pro-

24 1332 28 1339 *
99 1324 175 1377 teum
197 1316 319 1396 Aegypti
345 1339 441 1395 regem
463 1319 586 1378 delatum
608 1339 685 1391 esse3
712 1322 763 1378 sed
789 1320 944 1394 neglexisse
971 1339 1033 1378 eam
1061 1321 1144 1396 ideo,
1172 1324 1238 1397 quia

93 1418 155 1461 'nou
178 1404 295 1480 perinde
315 1401 352 1460 a'd
379 1405 506 1462 carminis
528 1406 645 1462 sormam
672 1405 775 1463 decora
795 1405 894 1463 fuisset
914 1410 1000 1480 atque
1022 1405 1085 1482 ista,
1112 1423 1168 1480 qua
1193 1426 1237 1464 re-

91 1504 167 1546 reta
191 1494 266 1545 esset
291 1507 364 1545 usus.
407 1489 494 1546 Haud
516 1496 608 1546 tamen
631 1489 754 1547 nescium
776 1490 836 1564 ejus
862 1490 947 1546 fuisse
968 1489 1133 1561 Homerum,
1156 1498 1236 1566 post-

90 1589 185 1646 quam
201 1571 305 1646 tribus,
326 1581 357 1630 nt
377 1591 451 1630 nnnc
472 1574 574 1631 uostris
598 1575 709 1647 quidem
728 1575 756 1630 in
775 1573 977 1650 exemplaribus
993 1573 1104 1648 legitur,
1130 1575 1237 1632 exHo·

92 1655 168 1721 meri
189 1656 354 1715 carminibus
377 1658 466 1716 citatis
489 1656 557 1714 locis
578 1659 795 1729 demonstravit,
811 1677 868 1714 -suo
887 1678 965 1716 ruore
985 1659 1091 1734 pergit:
1116 1658 1148 1719 ἐν
1165 1654 1237 1720 sori-

96 1756 177 1799 τοισι
206 1747 284 1800 τοῖσι
315 1739 397 1801 larus
432 1743 533 1823 δηλοῖ,
572 1735 618 1802 δτι
640 1735 785 1820 ἠπίστατο
815 1737 873 1822 τήν
907 1742 938 1814 ἒς
967 1742 1121 1821 Αίγνπτον
1152 1733 1237 1807 Ἀλε-

95 1815 234 1900 ξοίνδροο
254 1818 382 1900 πλάνην.
425 1825 506 1893 Quae
527 1827 641 1901 quidem
666 1829 750 1884 rerba
770 1827 808 1884 ad
838 1827 957 1904 primum
984 1831 1094 1885 tautum
1119 1826 1236 1887 Homeri
1296 1858 1298 1875 ·

95 1906 150 1980 (Jl.
171 1906 220 1964 Vl.
247 1909 315 1981 289)
336 1908 426 1969 locum
449 1911 600 1987 pertinent,
620 1910 732 1971 minime
752 1911 892 1968 etiamad
915 1913 988 1968 duos
1009 1911 1177 1988 posteriores
1201 1932 1236 1970 ex

95 1991 229 2067 Odyssea
251 1993 315 2069 (lv.
338 1996 389 2051 227
419 2000 447 2051 et
467 1997 535 2068 351)
560 2002 678 2065 sumtos,
700 1997 727 2052 iu
751 1994 852 2068 quibus
869 2013 925 2051 nou
942 1994 1094 2052 Alexandri
1110 2014 1234 2053 errorum

95 2093 160 2135 oum
180 2075 289 2134 Helena
309 2078 412 2136 mentio
434 2079 579 2153 injiciatur,
603 2080 655 2137 sed
680 2079 801 2138 Menelai
826 2084 856 2136 et
876 2078 1010 2136 Helenae.
1043 2078 1138 2136 Etiam
1168 2099 1236 2156 pro-

84 2160 167 2219 ‘xime
187 2161 332 2235 sequentia
349 2163 435 2220 verba
460 2161 599 2242 ὁμουρέει
620 2158 676 2244 yolo
698 2186 725 2223 ιι.
754 2187 778 2222 τ.
800 2165 827 2224 l.
846 2164 883 2223 ad
901 2161 999 2220 Jliadis
1016 2166 1125 2220 tantum
1143 2162 1234 2221 locum

83 2249 172 2302 aeae
194 2244 289 2302 referri
310 2253 446 2323 possunt,
470 2264 556 2321 quum
586 2249 614 2305 in
643 2267 677 2305 eo
708 2255 817 2305 tantum
845 2248 881 2304 de
913 2247 1038 2304 Sidoniis
1065 2247 1103 2303 sit
1134 2240 1244 2305 sermo.

85 2326 244 2386 'Praeterea
264 2329 302 2386 illi
328 2329 510 2406 exrtldyssea
531 2330 603 2389 male
627 2334 720 2390 inserti
742 2333 795 2393 loci
816 2331 899 2409 plane
920 2338 1078 2409 repugnant
1098 2331 1141 2389 his
1167 2333 1233 2408 ipsi-

82 2431 128 2469 ·us
152 2412 291 2472 Herodoti
313 2413 404 2472 verbis
430 2416 530 2474 eodem
551 2416 642 2493 capite
662 2418 763 2495 positis
792 2415 844 2477 καί
870 2410 992 2500 οὐδαμῇ
1015 2413 1091 2498 sillp
1121 2410 1233 2477 α’νεπιί-

83 2498 197 2573 δισΰ)
222 2492 344 2569 ἑωυτόν,
362 2505 392 2557 et
411 2497 463 2556 illis
484 2500 512 2557 iu
535 2502 626 2577 capite
654 2503 779 2579 proxime
804 2505 940 2577 sequente
966 2491 1057 2578 obviis
1084 2498 1136 2562 καί
1163 2496 1234 2563 τόδε
1274 2577 1276 2579 p

91 2576 131 2641 ro*
155 2582 322 2660 χωρίον**)
347 2576 405 2645 oris
429 2578 537 2661 ἥκιστα
560 2580 637 2645 ailad
660 2581 789 2664 μάλιστα
813 2588 918 2658 δῆλον,
939 2580 984 2645 iri
1010 2579 1070 2646 οιίιι
1092 2580 1233 2665 Ὁμήρου

83 2659 133 2724 -τοί
160 2660 284 2745 Κύπριοι
304 2662 382 2729 laesi
402 2666 462 2728 ἐστι
476 2690 504 2727 ιι.
519 2690 545 2731 τ.
570 2672 649 2748 λ.,οῐ
670 2670 703 2732 lu
726 2667 758 2730 δὲ
781 2664 882 2730 'liuida
913 2668 990 2751 λέγει
1022 2667 1063 2742 cic
1089 2666 1232 2743 ἐπλάζετο

93 2743 181 2829 ίίγων
202 2745 306 2827 οοίήν.
336 2751 433 2822 ίίὶιιιιο
457 2752 551 2808 omnia
575 2752 659 2809 verba
679 2754 752 2811 dare
768 2753 970 2824 demonstrant,
994 2754 1030 2810 de
1046 2774 1103 2811 uno
1124 2761 1233 2811 tautum

81 2851 187 2908 *eoque
202 2833 299 2908 ‘lliadis
320 2834 383 2893 loco
406 2836 523 2911 cogitari
534 2854 628 2912 posse,
650 2838 716 2912 quia
731 2838 836 2914 Cypria
857 2837 979 2894 carmina
995 2854 1040 2893 res
1055 2844 1121 2894 aute
1137 2838 1232 2893 Achil·

81 2917 125 2975 —lis
146 2919 213 2977 iram
236 2925 330 2997 gestas
352 2921 512 2980 continent.
536 2918 644 2998 Neque,
659 2941 726 2980 vero
749 2940 793 2980 me
812 2921 969 3000 praeteriit,
997 2920 1052 2978 boc
1070 2927 1162 2980 totum
1184 2941 1232 2979 oa·

90 3058 303 3073 m

77 3203 84 3212 ·
161 3133 189 3204 ¹³),
203 3132 244 3186 Ut
261 3134 327 3188 enim
342 3136 441 3190 Herod.
461 3138 493 3192 V.
510 3136 554 3204 92,
574 3139 590 3193 6
613 3139 680 3195 dixit
698 3136 878 3204 ἀναποδίζων
889 3124 1065 3206 τδνιιήροιια,
1084 3139 1231 3192 idemtidem

90 3200 182 3255 eadem
199 3202 365 3272 interrogans
382 3207 430 3269 (cf.
447 3207 578 3278 Interppr.
597 3209 672 3267 Suid.
689 3226 710 3262 s.
727 3228 754 3262 v.
773 3206 964 3273 οίνοιποδίζειν,
984 3205 1083 3261 Pollux.
1109 3212 1145 3273 ll,
1168 3207 1231 3261 196.

89 3269 191 3325 Auecd.
210 3271 294 3328 Belrlr.
311 3273 333 3328 1.
357 3272 401 3339 83,
419 3275 437 3326 2
455 3270 646 3341 ἀναποδίζων,
665 3273 729 3330 α’ντί
745 3279 798 3334 τοῦ
813 3275 848 3330 cd
863 3273 1126 3343 πρότεραίρωτοῦν.
1162 3278 1232 3329 Plui-

89 3355 149 3390 vor.
166 3354 195 3405 p.
216 3339 268 3392 108
286 3341 341 3405 [ed.
354 3342 447 3410 Diod]
468 3340 652 3409 α’νοιποδίζειν
669 3343 702 3399 τὸ
721 3343 857 3411 ἐξετάζειν
874 3346 920 3399 abl
940 3343 1041 3406 ω’ςονεί
1058 3343 1230 3411 συγκρούειν.

87 3401 265 3474 Ἡρωδιανὸς
283 3405 423 3476 οἷνερετοῖν
438 3427 469 3465 τε
486 3412 533 3465 κοιί
553 3410 731 3477 ἀναποδίζων
751 3412 803 3469 τὸν
826 3412 946 3481 ιιήρνιιο,
975 3414 1019 3465 ubi
1043 3414 1104 3465 vide
1128 3431 1160 3465 ne
1183 3431 1231 3481 pro

88 3469 261 3540 Ἡρωδιανὸς
278 3478 394 3531 sollemni
421 3497 453 3534 ex
474 3482 625 3535 contusione
645 3486 817 3552 reponendum
838 3483 874 3535 iit
890 3478 1053 3546 Ἡρόδοτος,
1076 3497 1230 3549 quamquam

89 3542 160 3661 ppud
177 3549 292 3597 nostrum
309 3546 327 3598 l.
345 3548 363 3601 l.
391 3543 550 3615 ἐπειρωτῶν
573 3567 603 3603 τε
628 3550 674 3602 aul
699 3548 881 3614 ἀναποδίζων
902 3547 1081 3616 consponsor
1102 3548 1231 3615 legitur),

90 3676 175 3759 ipsum
192 3677 374 3750 interrogavit,
392 3686 420 3739 id
438 3692 545 3739 estnon
563 3687 656 3740 iterum
677 3689 711 3740 ad
732 3687 880 3741 memoriam
897 3702 970 3737 suum
991 3684 1142 3750 revocarit,
1161 3684 1231 3753 qnod

88 3762 148 3814 ¹P⁵0
166 3745 233 3800 bene
254 3754 393 3818 coguovit,
411 3771 496 3823 neque
513 3755 595 3808 similo
612 3753 732 3838 quiddam
752 3775 784 3809 eo
801 3761 925 3823 spectans
942 3754 1074 3819 adhibuit,
1098 3753 1116 3809 i.
1135 3772 1160 3808 e.
1177 3770 1231 3805 πα-

86 3813 306 3937 ρῖεποίηὲἓῖίροο
325 3820 357 3872 de
374 3824 456 3905 verbo
476 3825 594 3875 conterre
615 3825 722 3890 juvabit
745 3824 841 3877 Jacobs
864 3821 1018 3906 vermisohte
1042 3822 1178 3906 Schriften,
1195 3820 1230 3873 T.

87 3900 224 4016 οδω,
243 3886 726 4025 baelesreserando:
742 3891 1039 4015 il·⁶⁵rsllll⁰'¹¹‘⁰⁶

113 3626 130 3661 c
147 3616 235 3663 nostro
252 3609 311 3665 loco
328 3609 439 3686 οὐδαμῇ
460 3611 528 3687 uiilp
548 3615 697 3672 οίνεπιίδιοε
714 3616 822 3673 ἑωυτόν
844 3618 1006 3684 significant,
1024 3633 1075 3668 rruu
1091 3616 1184 3670 iterum
1202 3632 1232 3668 se

943 3973 982 4013 arn
1003 3959 1148 4028 supposuit,
1169 3974 1230 4008 sen·

86 4020 197 4073 tentiam
223 4026 347 4089 mutendi,
365 4026 466 4081 irritam
485 4028 619 4090 reddendi,
641 4029 803 4099 ineptissima
821 4029 880 4082 utini
900 4047 958 4082 esre
975 4027 1087 4091 videtur,
1106 4044 1137 4077 ac
1155 4026 1231 4092 plane

83 4099 193 4209 'puppas
210 4095 239 4142 et
257 4108 314 4148 cum
332 4112 396 4150 varo
416 4096 499 4166 ipsius
515 4098 567 4150 loci
585 4113 671 4163 sensu,
686 4106 713 4149 et
726 4117 782 4158 oum
792 4099 945 4154 testimoniis
954 4098 1012 4150 istis
1022 4104 1136 4148 veterum
1146 4111 1231 4157 grom-

70 4209 75 4216 ,
91 4173 131 4209 ma
144 4173 253 4210 reorum.

156 4227 194 4291 '')
213 4226 253 4278 De
273 4227 323 4281 boc
345 4233 419 4284 vocis
441 4231 545 4298 χωρίον
562 4214 709 4299 siguilicatu
725 4234 780 4302 jam
799 4233 945 4303 antiquiore
953 4239 1069 4300 tempore
1085 4227 1162 4282 obvio
1172 4229 1232 4281 vide

86 4291 241 4362 Bernhardy
257 4297 295 4390 ad
307 4297 419 4369 Dionys.
441 4300 545 4369 Perieg.
561 4317 586 4369 p.
604 4299 664 4355 8⁶9.
958 4319 962 4324 ·
995 4365 1016 4427 ᾖ
