2942 4900
169 185 192 250 8
474 181 520 242 De
537 126 661 243 dialecto
682 179 849 241 Heracletus
866 179 920 242 lih.
941 180 961 237 l.

255 354 406 425 Praeterea
427 348 575 424 Choerilus
596 348 708 409 &nius
732 347 845 407 nacitor
869 347 1012 408 Herodoti
1033 353 1063 409 et
1091 348 1209 411 deliciae
1229 353 1337 412 scrissev

172 442 281 516 dicitur,
309 438 345 496 ab
373 435 532 510 codemque
554 432 592 493 ad
614 432 719 493 hellam
740 431 881 492 Persicam
903 433 985 511 epico
1007 434 1130 494 carmine
1157 439 1321 496 madum

172 526 310 585 excitatus
330 540 393 582 esse
414 519 576 598 perhibetur
590 515 710 595 (Naecl.
726 517 848 576 Choeril.
868 537 896 595 p.
915 521 950 578 19
966 535 1029 594 sqq.
1048 525 1093 579 ul.
1112 522 1182 595 hd).
1205 520 1323 581 Deinde

173 609 258 669 etiam
282 627 346 666 cum
369 603 513 684 Sophocle
535 608 661 661 nostrum
681 619 818 661 summam
838 602 1012 662 contraxisse
1033 603 1321 667 familiaritatemaan

173 693 264 753 solam
289 692 461 769 epigramma
483 685 628 763 quoddam
652 687 730 765 apud
748 686 926 747 Plutarchum
942 687 1056 747 obvium
1076 689 1157 763 (ride
1172 688 1257 766 Plut,
1280 709 1321 757 an

174 777 235 837 reni
256 777 372 853 gerend
398 793 475 852 resp:
493 792 518 830 c.
539 777 566 833 3.
593 771 691 848 Heyse
715 770 734 831 l.
762 771 783 830 l.
810 790 840 849 p.
867 775 902 832 66
931 787 994 849 sqq.
1022 772 1057 835 C.
1086 773 1134 833 Fr.
1162 774 1322 833 Humum

175 861 323 940 epistolam
348 861 386 918 ad
408 857 558 917 Baehrium
581 855 609 915 ia
630 854 741 915 Beehrii
766 856 833 915 edit.
854 856 965 917 Herod.
988 856 1049 921 Vol.
1072 857 1109 917 11.
1121 858 1241 917 Excurs.
1253 859 1322 936 Vl.)

175 946 250 1005 clarc
268 948 363 1015 docet,
388 941 547 1003 sedetiam
576 958 612 1001 ex
638 940 831 1000 communibus
859 941 972 1016 utrique
1001 942 1142 1000 nonnullis
1171 945 1322 1002 sententiis

176 1036 254 1090 recte
279 1029 373 1093 similis
394 1027 534 1104 quaedam
557 1023 662 1102 ingenii
683 1025 812 1084 condicio
832 1025 961 1084 concludi
988 1045 1073 1103 posse
1101 1027 1169 1087 mihi
1197 1029 1321 1092 videtur.

176 1113 255 1174 Nam
280 1115 358 1191 quod
380 1114 444 1172 hinc
465 1110 596 1171 Clemens
619 1107 824 1169 Alexandrinus
845 1111 973 1184 (Strom
1002 1110 1050 1168 Vl.
1077 1130 1107 1189 p.
1139 1116 1191 1171 625
1218 1113 1321 1189 sno.)

176 1201 244 1259 furti
266 1200 445 1258 Herodotum
466 1195 577 1273 arguit,
597 1214 657 1253 non
682 1193 799 1253 multum
820 1194 886 1252 huic
911 1193 1120 1273 exprobrationi
1140 1196 1322 1255 tribuendum

176 1302 254 1359 esse,
281 1283 417 1340 neminem
444 1280 535 1356 sugit,
557 1297 643 1354 quum
672 1278 749 1337 illum
775 1285 874 1338 notum
904 1280 941 1339 sit
969 1298 1079 1357 semper
1108 1280 1168 1339 iere
1200 1280 1323 1339 alterum

176 1385 273 1427 eorum
295 1366 473 1444 scriptorum,
494 1363 566 1421 iuter
590 1381 664 1439 quos
684 1362 790 1437 aliquid
812 1382 960 1425 commane
981 1364 1185 1437 intercesserit,
1211 1365 1325 1442 plagia-

178 1452 212 1510 rii
236 1450 390 1528 ignominia
411 1456 536 1522 notasse,
558 1465 648 1522 eaque
669 1465 704 1505 er
728 1466 812 1506 causa
830 1448 890 1522 jam
912 1448 1021 1507 dudum
1042 1448 1129 1507 iidem
1149 1452 1226 1527 apud
1249 1452 1322 1508 doc-

178 1542 224 1597 tos
245 1534 320 1593 viros
343 1533 487 1592 decoxisse
512 1530 562 1610 (cl.
587 1529 737 1607 etPflugk
764 1533 802 1592 de
821 1532 1012 1611 Theopompo
1032 1534 1110 1593 ,chio
1124 1553 1154 1612 p.
1168 1536 1244 1609 36.)..
1260 1535 1324 1593 Sed

177 1639 236 1681 noa
259 1618 410 1698 Sophoclis
437 1616 528 1677 solnm
550 1615 580 1673 in
606 1616 736 1677 notitiam
762 1623 791 1675 et
821 1617 1037 1676 familiaritatem
1064 1617 1243 1677 Herodotum
1272 1618 1329 1677 illo

180 1711 318 1781 tempore,
340 1722 398 1779 quo
423 1699 539 1760 Athenis
565 1700 629 1774 fuit,
651 1700 760 1760 venase
780 1701 926 1761 nmisimile
946 1708 1003 1775 ert,
1025 1721 1121 1761 verum
1143 1704 1227 1762 etiam
1249 1703 1326 1761 alio-

146 1812 152 1819 *
179 1808 242 1847 rum
262 1793 330 1847 tuac
354 1786 568 1851 clarissimorum
598 1787 736 1859 uirorum,
765 1786 900 1863 imprimis
929 1788 1156 1862 tragoedorum·
1174 1787 1323 1856 Quorum

179 1891 215 1933 er
237 1873 424 1933 familiaritate
443 1876 474 1930 et
492 1871 658 1931 commercio
679 1871 754 1929 haud
767 1870 886 1930 alienum
899 1889 962 1930 csse
986 1872 1096 1930 videtur
1112 1878 1235 1931 statuere
1251 1873 1324 1935 istas

179 1958 278 2018 crebro
304 1957 382 2037 apud
404 1954 583 2017 Herodotum
604 1955 701 2016 obrias
723 1956 860 2014 dictiones
884 1957 1010 2030 fluxisse,
1032 1975 1107 2032 quae
1139 1958 1256 2035 propius
1282 1959 1324 2015 ad

180 2044 365 2103 dramaticum
389 2043 559 2119 tragicorum
584 2041 695 2100 dicendi
715 2059 808 2116 genus
828 2041 974 2113 accedant,
1000 2059 1070 2117 quas
1093 2043 1178 2101 docte
1207 2041 1323 2116 collegit

180 2128 397 2187 Stadelmannus
421 2126 559 2200 (disserti.
580 2126 618 2184 de
630 2124 780 2183 Herodoto
801 2125 919 2200 ejusque
943 2125 1074 2197 dialecto,
1098 2131 1166 2185 1830
1180 2131 1208 2185 et
1227 2129 1322 2201 1832).

180 2211 350 2286 Eodemque
375 2210 462 2269 modo
487 2208 593 2284 omnia,
623 2227 697 2285 qaae
722 2228 784 2268 curn
812 2208 940 2269 Homero
966 2210 1133 2270 Herodotus
1164 2213 1324 2269 marmania

181 2293 278 2365 hahet,
303 2292 396 2369 colligi
419 2290 605 2368 illustrarique
622 2301 741 2371 possunt
759 2295 837 2372 (vide
853 2294 1005 2371 Boettiger.
1030 2297 1068 2353 de
1088 2296 1195 2355 Herod.
1218 2296 1321 2353 Histo-

181 2380 222 2438 ria
249 2380 287 2436 ad
318 2379 388 2456 epici
418 2377 545 2435 carminis
574 2377 696 2436 indolem
727 2379 842 2459 propius
874 2381 1039 2453 accedente,
1068 2380 1208 2438 Vimariae
1241 2384 1323 2451 1799,

182 2470 263 2543 μή.
307 2462 452 2541 Wyttenb.
478 2461 570 2528 Praei„
597 2464 634 2522 ad
665 2462 776 2523 Selecta
803 2465 918 2542 princip.
947 2464 1082 2524 Graeciae
1109 2467 1230 2540 histor).
1275 2466 1325 2524 Sic

182 2555 300 2622 restant,
320 2567 395 2624 quae
414 2546 528 2625 proprie
544 2547 584 2605 ad
606 2567 707 2606 noram
728 2548 855 2608 ionicam
874 2549 1023 2608 dialectum
1044 2552 1193 2628 pertineat.
1214 2550 1325 2626 Magna

182 2633 315 2708 cerchia
336 2632 432 2698 estiis
454 2637 516 2690 orta
536 2632 609 2691 inter
639 2633 741 2691 doctos
769 2635 853 2707 viros,
879 2633 968 2709 qualis
995 2636 1031 2692 sit
1058 2634 1106 2693 illa
1128 2655 1202 2694 mars
1222 2635 1324 2694 donica

183 2717 318 2780 (helectus
345 2718 527 2793 Herodotea,
550 2728 642 2778 utrum
666 2718 713 2777 illa
734 2718 973 2797 logographorum
1001 2720 1137 2778 dialectos
1163 2726 1249 2794 atque
1279 2738 1324 2794 ea,

182 2822 240 2880 qua
260 2803 346 2866 Jones
369 2804 480 2862 Cariam
505 2802 629 2861 colentes
653 2804 693 2862 nsi
717 2804 787 2880 sint,
813 2822 852 2861 an
877 2805 973 2861 Samia
1001 2806 1149 2880 quaedam
1192 2804 1231 2862 Et
1251 2804 1324 2862 Gie-

181 2890 239 2947 sius
263 2890 391 2965 quidem,
413 2890 453 2946 vir
475 2888 662 2966 doctissimus,
688 2896 787 2946 contra
809 2887 964 2947 Thierschii
991 2887 1153 2965 (grammat.
1180 2908 1223 2964 gr.
1252 2909 1281 2967 p.
1307 2893 1325 2946 u

182 2975 243 3047 sq.)
261 2972 434 3047 aliorumque
449 2971 624 3045 sententiam,
646 2972 825 3029 Herodotum
842 2972 1082 3050 logcgraphoram
1103 2974 1223 3032 dialecto
1242 2993 1323 3031 usum

182 3074 246 3114 esse
272 3055 432 3125 dicentium,
454 3055 600 3112 contendit
610 3055 651 3131 *),
677 3056 773 3114 Samia
789 3057 908 3117 dialecto
925 3078 989 3116 eum
1006 3078 1087 3118 usum
1104 3077 1176 3136 esse,
1193 3059 1329 3136 primum,

185 3140 251 3214 (pria
279 3140 472 3215 Hermogenes
499 3137 516 3201 1.
549 3138 566 3200 l.
605 3139 746 3198 Herodoti
773 3142 925 3201 dictionem
956 3144 996 3200 ab·
1020 3144 1155 3202 Hecataei
1184 3144 1324 3201 diversam

183 3225 271 3283 fuisse
295 3224 408 3295 diceret,
431 3229 508 3293 turn,
533 3224 598 3299 qnia
626 3225 845 3305 Hippocratem,
877 3228 925 3303 qui
953 3235 981 3285 et
1011 3227 1072 3305 ipse
1101 3221 1223 3308 ἀκράτῳ
1252 3221 1327 3287 ’Iride

183 3327 251 3370 usus
277 3328 339 3370 esse
360 3309 507 3384 diceretur,
537 3314 566 3367 et
591 3308 669 3384 cujus
693 3310 841 3369 dialectum
865 3318 964 3370 notum
978 3320 1061 3370 esset
1083 3332 1142 3372 non
1166 3313 1274 3370 levibus
1295 3313 1324 3369 ia

181 3394 266 3458 rebus
295 3395 331 3454 ah
343 3394 510 3454 Herodoteo
535 3411 588 3452 usu
609 3395 749 3468 recedere,
765 3401 851 3471 atque
869 3395 1058 3455 Democritum
1076 3398 1232 3455 Jonismum
1244 3396 1326 3471 lago-

182 3479 353 3558 graphornm
375 3479 535 3542 adhibuisse
555 3498 607 3558 pro
631 3485 707 3538 certo
727 3486 831 3537 esset„
855 3482 912 3538 Sed
934 3480 1046 3541 Giesius
1066 3480 1176 3558 Lydico
1198 3482 1324 3542 lonismo

182 3565 313 3641 praetulit
336 3566 461 3626 Samim
481 3564 557 3641 ideo,
583 3566 661 3640 quod
683 3565 831 3622 diversitas
847 3564 1003 3624 Herodctei
1028 3568 1146 3644 Jonismi
1167 3572 1195 3624 et
1218 3566 1326 3623 Home-

182 3647 232 3706 rici
257 3666 315 3706 nou
336 3667 369 3707 ea
390 3654 475 3719 esset,
497 3668 571 3725 quaa
590 3669 625 3708 ex
646 3649 732 3724 longo
752 3655 909 3724 temporum
930 3649 1092 3725 intervallo,
1113 3647 1164 3709 ant
1185 3670 1220 3709 ex
1243 3649 1325 3707 diffe-

181 3729 281 3792 tentia,
294 3749 397 3810 prosae
418 3738 448 3789 et
473 3735 600 3816 porticae
623 3733 751 3794 dictionis
770 3733 901 3811 explicari
918 3742 1031 3812 posset3
1052 3744 1122 3812 turn,
1144 3734 1329 3811 quodetiam

163 3816 285 3888 ¹Snidas
308 3822 449 3876 narraret:
479 3814 512 3876 iv
537 3820 575 3897 cpi
607 3812 701 3900 Σάμῳ
731 3817 784 3880 sui
813 3814 871 3896 τὴν
895 3811 972 3880 ’luido
999 3814 1127 3899 ἠσκήθη
1158 3813 1324 3889 διάλεκτον,

181 3908 268 3979 atque
292 3900 445 3978 Dionysius
465 3898 555 3959 Halic.
576 3900 704 3961 laudaret
727 3904 906 3963 Herodotum
932 3908 987 3981 τῆς
1006 3900 1101 3977 Ἰάδος
1125 3900 1249 3981 isprorov
1272 3926 1326 3963 ao-

180 3981 268 4060 νόνα,
282 4021 330 4033 -
341 3987 442 4064 quibus
454 3983 543 4043 verbis
554 3983 719 4063 Dionysiam
730 3989 887 4065 siguificare
897 3990 1147 4050 voluisseSamium
1159 3990 1326 4058 Jonismum,

156 4169 159 4174 ⁴
251 4187 276 4249 *)
294 4187 323 4239 ln
339 4186 405 4239 libro
421 4157 532 4255 quodam
548 4190 660 4239 ceterum
678 4188 763 4240 bonae
783 4186 868 4256 fragis
883 4190 971 4311 ξω),
986 4189 1032 4260 qui
1048 4187 1214 4246 inscribiturr
1239 4186 1326 4240 Ueher

184 4253 234 4305 den
253 4253 405 4306 heolischen
420 4255 524 4310 Dialcct
547 4249 785 4326 (1837101111,
801 4274 829 4327 p.
851 4257 881 4311 15
917 4274 974 4330 sqq.
