<?xml version="1.0" encoding="UTF-8"?>
<!DOCTYPE html PUBLIC "-//W3C//DTD XHTML 1.0 Transitional//EN"
    "http://www.w3.org/TR/xhtml1/DTD/xhtml1-transitional.dtd">
<html xmlns="http://www.w3.org/1999/xhtml" xml:lang="en" lang="en">
 <head>
  <title>
</title>
<meta http-equiv="Content-Type" content="text/html;charset=utf-8" />
  <meta name='ocr-system' content='tesseract 3.04.00' />
  <meta name='ocr-capabilities' content='ocr_page ocr_carea ocr_par ocr_line ocrx_word'/>
</head>
<body>
  <div class='ocr_page' id='page_1' title='image "./quaestionumcrit02bredgoog/quaestionumcrit02bredgoog_0161.png"; bbox 0 0 2942 4900; ppageno 0'>
   <div class='ocr_carea' id='block_1_1' title="bbox 426 138 1238 241">
    <p class='ocr_par' dir='ltr' id='par_1_1' title="bbox 426 138 1238 241">
     <span class='ocr_line' id='line_1_1' title="bbox 426 138 1238 241; baseline 0.004 -3"><span class='ocrx_word' id='word_1_1' title='bbox 426 175 472 238; x_wconf 75' lang='lat' dir='ltr'><strong>De</strong></span> <span class='ocrx_word' id='word_1_2' title='bbox 494 176 616 236; x_wconf 81' lang='lat' dir='ltr'><strong>dialecto</strong></span> <span class='ocrx_word' id='word_1_3' title='bbox 638 138 805 240; x_wconf 75' lang='lat' dir='ltr'><strong>Herotlotea</strong></span> <span class='ocrx_word' id='word_1_4' title='bbox 825 178 872 238; x_wconf 93' lang='lat' dir='ltr'><strong>lib.</strong></span> <span class='ocrx_word' id='word_1_5' title='bbox 896 179 919 240; x_wconf 91' lang='lat' dir='ltr'><strong>l.</strong></span> <span class='ocrx_word' id='word_1_6' title='bbox 981 180 983 188; x_wconf 78' lang='grc'>’</span> <span class='ocrx_word' id='word_1_7' title='bbox 1198 177 1238 241; x_wconf 83' lang='grc'><strong>87</strong></span> 
     </span>
    </p>
   </div>
   <div class='ocr_carea' id='block_1_2' title="bbox 98 340 1297 2359">
    <p class='ocr_par' dir='ltr' id='par_1_2' title="bbox 98 340 1297 1939">
     <span class='ocr_line' id='line_1_2' title="bbox 101 340 1245 428; baseline 0.009 -29"><span class='ocrx_word' id='word_1_8' title='bbox 101 360 167 400; x_wconf 89' lang='lat' dir='ltr'><strong>rum</strong></span> <span class='ocrx_word' id='word_1_9' title='bbox 189 340 327 419; x_wconf 83' lang='lat' dir='ltr'><strong>quidem,</strong></span> <span class='ocrx_word' id='word_1_10' title='bbox 354 341 404 418; x_wconf 90' lang='lat' dir='ltr'><strong>qui</strong></span> <span class='ocrx_word' id='word_1_11' title='bbox 432 343 487 402; x_wconf 89' lang='lat' dir='ltr'><strong>soli</strong></span> <span class='ocrx_word' id='word_1_12' title='bbox 514 343 587 421; x_wconf 84' lang='lat' dir='ltr'><strong>ipsis</strong></span> <span class='ocrx_word' id='word_1_13' title='bbox 608 342 645 401; x_wconf 89' lang='lat' dir='ltr'><strong>ab</strong></span> <span class='ocrx_word' id='word_1_14' title='bbox 672 344 835 403; x_wconf 86' lang='lat' dir='ltr'><strong>editoribus</strong></span> <span class='ocrx_word' id='word_1_15' title='bbox 858 343 1094 405; x_wconf 84' lang='lat' dir='ltr'><strong>Hemdotisunt</strong></span> <span class='ocrx_word' id='word_1_16' title='bbox 1112 348 1245 428; x_wconf 85' lang='lat' dir='ltr'><strong>inspecti,</strong></span> 
     </span>
     <span class='ocr_line' id='line_1_3' title="bbox 100 426 1245 509; baseline 0.006 -24"><span class='ocrx_word' id='word_1_17' title='bbox 100 427 129 485; x_wconf 86' lang='lat' dir='ltr'>F</span> <span class='ocrx_word' id='word_1_18' title='bbox 150 432 182 486; x_wconf 90' lang='lat' dir='ltr'><strong>et</strong></span> <span class='ocrx_word' id='word_1_19' title='bbox 203 426 248 501; x_wconf 80' lang='lat' dir='ltr'><strong>S,</strong></span> <span class='ocrx_word' id='word_1_20' title='bbox 268 445 359 504; x_wconf 91' lang='lat' dir='ltr'><strong>quum</strong></span> <span class='ocrx_word' id='word_1_21' title='bbox 378 428 495 505; x_wconf 88' lang='lat' dir='ltr'><strong>saepius</strong></span> <span class='ocrx_word' id='word_1_22' title='bbox 518 434 657 494; x_wconf 76' lang='lat' dir='ltr'>taceatur,</span> <span class='ocrx_word' id='word_1_23' title='bbox 681 430 750 505; x_wconf 92' lang='lat' dir='ltr'><strong>quid</strong></span> <span class='ocrx_word' id='word_1_24' title='bbox 773 429 800 486; x_wconf 91' lang='lat' dir='ltr'><strong>iu</strong></span> <span class='ocrx_word' id='word_1_25' title='bbox 822 428 868 486; x_wconf 91' lang='lat' dir='ltr'><strong>his</strong></span> <span class='ocrx_word' id='word_1_26' title='bbox 890 430 1029 505; x_wconf 88' lang='lat' dir='ltr'><strong>scriptum</strong></span> <span class='ocrx_word' id='word_1_27' title='bbox 1050 436 1153 507; x_wconf 85' lang='lat' dir='ltr'><strong>exstet,</strong></span> <span class='ocrx_word' id='word_1_28' title='bbox 1176 435 1245 509; x_wconf 86' lang='lat' dir='ltr'><strong>quid</strong></span> 
     </span>
     <span class='ocr_line' id='line_1_4' title="bbox 98 507 1246 591; baseline 0.005 -21"><span class='ocrx_word' id='word_1_29' title='bbox 98 531 159 570; x_wconf 87' lang='lat' dir='ltr'><strong>uon</strong></span> <span class='ocrx_word' id='word_1_30' title='bbox 178 507 324 589; x_wconf 79' lang='lat' dir='ltr'><strong>exstet*),</strong></span> <span class='ocrx_word' id='word_1_31' title='bbox 345 512 438 570; x_wconf 78' lang='lat' dir='ltr'><strong>nostri</strong></span> <span class='ocrx_word' id='word_1_32' title='bbox 459 512 545 587; x_wconf 86' lang='lat' dir='ltr'><strong>igitur</strong></span> <span class='ocrx_word' id='word_1_33' title='bbox 558 512 718 571; x_wconf 82' lang='lat' dir='ltr'><strong>Herodotei</strong></span> <span class='ocrx_word' id='word_1_34' title='bbox 740 513 855 573; x_wconf 88' lang='lat' dir='ltr'><strong>codices</strong></span> <span class='ocrx_word' id='word_1_35' title='bbox 877 514 918 570; x_wconf 91' lang='lat' dir='ltr'><strong>ita</strong></span> <span class='ocrx_word' id='word_1_36' title='bbox 938 516 1097 591; x_wconf 86' lang='lat' dir='ltr'><strong>comparati</strong></span> <span class='ocrx_word' id='word_1_37' title='bbox 1116 524 1194 591; x_wconf 88' lang='lat' dir='ltr'><strong>sunt,</strong></span> <span class='ocrx_word' id='word_1_38' title='bbox 1215 523 1246 576; x_wconf 86' lang='lat' dir='ltr'><strong>ut</strong></span> 
     </span>
     <span class='ocr_line' id='line_1_5' title="bbox 100 595 1244 675; baseline 0.003 -21"><span class='ocrx_word' id='word_1_39' title='bbox 100 595 149 654; x_wconf 91' lang='lat' dir='ltr'><strong>ubi</strong></span> <span class='ocrx_word' id='word_1_40' title='bbox 172 615 249 654; x_wconf 91' lang='lat' dir='ltr'><strong>unus</strong></span> <span class='ocrx_word' id='word_1_41' title='bbox 275 602 328 656; x_wconf 89' lang='lat' dir='ltr'><strong>aut</strong></span> <span class='ocrx_word' id='word_1_42' title='bbox 352 596 425 654; x_wconf 90' lang='lat' dir='ltr'><strong>alter</strong></span> <span class='ocrx_word' id='word_1_43' title='bbox 444 597 640 655; x_wconf 87' lang='lat' dir='ltr'><strong>Herodoteum</strong></span> <span class='ocrx_word' id='word_1_44' title='bbox 667 598 810 673; x_wconf 84' lang='lat' dir='ltr'><strong>quandam</strong></span> <span class='ocrx_word' id='word_1_45' title='bbox 834 598 950 655; x_wconf 79' lang='lat' dir='ltr'><strong>sormam</strong></span> <span class='ocrx_word' id='word_1_46' title='bbox 972 599 1108 675; x_wconf 88' lang='lat' dir='ltr'><strong>praehet,</strong></span> <span class='ocrx_word' id='word_1_47' title='bbox 1138 600 1175 657; x_wconf 90' lang='lat' dir='ltr'><strong>ihi</strong></span> <span class='ocrx_word' id='word_1_48' title='bbox 1197 601 1244 658; x_wconf 89' lang='lat' dir='ltr'><strong>alii</strong></span> 
     </span>
     <span class='ocr_line' id='line_1_6' title="bbox 101 677 1243 760; baseline 0.003 -21"><span class='ocrx_word' id='word_1_49' title='bbox 101 679 230 739; x_wconf 79' lang='lat' dir='ltr'><strong>Atticam</strong></span> <span class='ocrx_word' id='word_1_50' title='bbox 251 686 302 740; x_wconf 90' lang='lat' dir='ltr'><strong>aut</strong></span> <span class='ocrx_word' id='word_1_51' title='bbox 319 680 402 740; x_wconf 89' lang='lat' dir='ltr'><strong>aliam</strong></span> <span class='ocrx_word' id='word_1_52' title='bbox 424 677 576 756; x_wconf 76' lang='lat' dir='ltr'>quamlibet</span> <span class='ocrx_word' id='word_1_53' title='bbox 597 677 649 739; x_wconf 87' lang='lat' dir='ltr'><strong>sad</strong></span> <span class='ocrx_word' id='word_1_54' title='bbox 665 700 722 739; x_wconf 93' lang='lat' dir='ltr'><strong>non</strong></span> <span class='ocrx_word' id='word_1_55' title='bbox 742 681 938 739; x_wconf 85' lang='lat' dir='ltr'><strong>Herodoteam</strong></span> <span class='ocrx_word' id='word_1_56' title='bbox 960 681 1121 760; x_wconf 80' lang='lat' dir='ltr'><strong>exhibeant,</strong></span> <span class='ocrx_word' id='word_1_57' title='bbox 1144 689 1174 741; x_wconf 90' lang='lat' dir='ltr'><strong>et</strong></span> <span class='ocrx_word' id='word_1_58' title='bbox 1196 686 1243 742; x_wconf 92' lang='lat' dir='ltr'><strong>ubi</strong></span> 
     </span>
     <span class='ocr_line' id='line_1_7' title="bbox 100 764 1242 844; baseline 0.004 -22"><span class='ocrx_word' id='word_1_59' title='bbox 100 765 139 838; x_wconf 89' lang='lat' dir='ltr'><strong>ii,</strong></span> <span class='ocrx_word' id='word_1_60' title='bbox 164 766 216 843; x_wconf 90' lang='lat' dir='ltr'><strong>qui</strong></span> <span class='ocrx_word' id='word_1_61' title='bbox 244 767 334 824; x_wconf 90' lang='lat' dir='ltr'><strong>modo</strong></span> <span class='ocrx_word' id='word_1_62' title='bbox 356 765 452 841; x_wconf 89' lang='lat' dir='ltr'><strong>aliquo</strong></span> <span class='ocrx_word' id='word_1_63' title='bbox 482 765 511 822; x_wconf 92' lang='lat' dir='ltr'><strong>in</strong></span> <span class='ocrx_word' id='word_1_64' title='bbox 538 764 610 823; x_wconf 64' lang='lat' dir='ltr'><strong>loco*</strong></span> <span class='ocrx_word' id='word_1_65' title='bbox 625 766 777 841; x_wconf 86' lang='lat' dir='ltr'><strong>genuinaiu</strong></span> <span class='ocrx_word' id='word_1_66' title='bbox 798 765 941 836; x_wconf 78' lang='lat' dir='ltr'><strong>habebant</strong></span> <span class='ocrx_word' id='word_1_67' title='bbox 970 767 1157 844; x_wconf 73' lang='lat' dir='ltr'><strong>scripturam,</strong></span> <span class='ocrx_word' id='word_1_68' title='bbox 1184 787 1242 827; x_wconf 91' lang='lat' dir='ltr'><strong>non</strong></span> 
     </span>
     <span class='ocr_line' id='line_1_8' title="bbox 101 848 1243 928; baseline 0.003 -21"><span class='ocrx_word' id='word_1_69' title='bbox 101 848 301 908; x_wconf 77' lang='lat' dir='ltr'><strong>Herodoteam</strong></span> <span class='ocrx_word' id='word_1_70' title='bbox 321 850 482 928; x_wconf 83' lang='lat' dir='ltr'><strong>praebent,</strong></span> <span class='ocrx_word' id='word_1_71' title='bbox 501 848 539 906; x_wconf 90' lang='lat' dir='ltr'><strong>ibi</strong></span> <span class='ocrx_word' id='word_1_72' title='bbox 561 850 599 923; x_wconf 92' lang='lat' dir='ltr'><strong>ii,</strong></span> <span class='ocrx_word' id='word_1_73' title='bbox 624 850 672 925; x_wconf 90' lang='lat' dir='ltr'><strong>qui</strong></span> <span class='ocrx_word' id='word_1_74' title='bbox 693 852 779 907; x_wconf 86' lang='lat' dir='ltr'><strong>modo</strong></span> <span class='ocrx_word' id='word_1_75' title='bbox 801 849 888 908; x_wconf 79' lang='lat' dir='ltr'><strong>salsas</strong></span> <span class='ocrx_word' id='word_1_76' title='bbox 910 849 1067 926; x_wconf 88' lang='lat' dir='ltr'><strong>scripturas</strong></span> <span class='ocrx_word' id='word_1_77' title='bbox 1087 851 1243 928; x_wconf 81' lang='lat' dir='ltr'><strong>habebant,</strong></span> 
     </span>
     <span class='ocr_line' id='line_1_9' title="bbox 102 931 1242 1012; baseline 0.002 -21"><span class='ocrx_word' id='word_1_78' title='bbox 102 939 198 992; x_wconf 89' lang='lat' dir='ltr'><strong>rectas</strong></span> <span class='ocrx_word' id='word_1_79' title='bbox 212 934 383 1012; x_wconf 84' lang='lat' dir='ltr'><strong>praebeant.</strong></span> <span class='ocrx_word' id='word_1_80' title='bbox 425 931 478 989; x_wconf 88' lang='lat' dir='ltr'><strong>Cui</strong></span> <span class='ocrx_word' id='word_1_81' title='bbox 498 933 655 1008; x_wconf 78' lang='lat' dir='ltr'><strong>variationi,</strong></span> <span class='ocrx_word' id='word_1_82' title='bbox 678 953 764 1009; x_wconf 89' lang='lat' dir='ltr'><strong>quum</strong></span> <span class='ocrx_word' id='word_1_83' title='bbox 779 934 893 992; x_wconf 90' lang='lat' dir='ltr'><strong>minime</strong></span> <span class='ocrx_word' id='word_1_84' title='bbox 907 933 990 992; x_wconf 89' lang='lat' dir='ltr'><strong>nobis</strong></span> <span class='ocrx_word' id='word_1_85' title='bbox 1005 941 1132 994; x_wconf 80' lang='lat' dir='ltr'><strong>statuere</strong></span> <span class='ocrx_word' id='word_1_86' title='bbox 1148 936 1242 1011; x_wconf 85' lang='lat' dir='ltr'><strong>liceat,</strong></span> 
     </span>
     <span class='ocr_line' id='line_1_10' title="bbox 102 1015 1242 1093; baseline 0.004 -17"><span class='ocrx_word' id='word_1_87' title='bbox 102 1017 286 1078; x_wconf 85' lang='lat' dir='ltr'><strong>Herodotum</strong></span> <span class='ocrx_word' id='word_1_88' title='bbox 305 1018 380 1076; x_wconf 91' lang='lat' dir='ltr'><strong>idem</strong></span> <span class='ocrx_word' id='word_1_89' title='bbox 402 1015 569 1076; x_wconf 89' lang='lat' dir='ltr'><strong>vocabulum</strong></span> <span class='ocrx_word' id='word_1_90' title='bbox 590 1017 850 1093; x_wconf 87' lang='lat' dir='ltr'><strong>vocabulorumque</strong></span> <span class='ocrx_word' id='word_1_91' title='bbox 865 1038 956 1093; x_wconf 89' lang='lat' dir='ltr'><strong>genus</strong></span> <span class='ocrx_word' id='word_1_92' title='bbox 975 1020 1062 1077; x_wconf 88' lang='lat' dir='ltr'><strong>modo</strong></span> <span class='ocrx_word' id='word_1_93' title='bbox 1081 1020 1134 1078; x_wconf 90' lang='lat' dir='ltr'><strong>hac</strong></span> <span class='ocrx_word' id='word_1_94' title='bbox 1155 1021 1242 1080; x_wconf 89' lang='lat' dir='ltr'><strong>modo</strong></span> 
     </span>
     <span class='ocr_line' id='line_1_11' title="bbox 101 1101 1242 1179; baseline 0.002 -21"><span class='ocrx_word' id='word_1_95' title='bbox 101 1101 147 1159; x_wconf 91' lang='lat' dir='ltr'><strong>illa</strong></span> <span class='ocrx_word' id='word_1_96' title='bbox 170 1102 267 1162; x_wconf 81' lang='lat' dir='ltr'><strong>forma</strong></span> <span class='ocrx_word' id='word_1_97' title='bbox 289 1121 461 1179; x_wconf 82' lang='lat' dir='ltr'><strong>usurpasse,</strong></span> <span class='ocrx_word' id='word_1_98' title='bbox 483 1107 512 1159; x_wconf 91' lang='lat' dir='ltr'><strong>et</strong></span> <span class='ocrx_word' id='word_1_99' title='bbox 533 1122 620 1179; x_wconf 90' lang='lat' dir='ltr'><strong>quum</strong></span> <span class='ocrx_word' id='word_1_100' title='bbox 642 1120 741 1179; x_wconf 90' lang='lat' dir='ltr'><strong>parum</strong></span> <span class='ocrx_word' id='word_1_101' title='bbox 762 1103 897 1179; x_wconf 88' lang='lat' dir='ltr'><strong>praesidii</strong></span> <span class='ocrx_word' id='word_1_102' title='bbox 919 1102 987 1159; x_wconf 90' lang='lat' dir='ltr'><strong>insit</strong></span> <span class='ocrx_word' id='word_1_103' title='bbox 1008 1104 1126 1178; x_wconf 81' lang='lat' dir='ltr'><strong>singuiis</strong></span> <span class='ocrx_word' id='word_1_104' title='bbox 1148 1105 1177 1162; x_wconf 94' lang='lat' dir='ltr'><strong>in</strong></span> <span class='ocrx_word' id='word_1_105' title='bbox 1197 1103 1242 1160; x_wconf 87' lang='lat' dir='ltr'><strong>lo·</strong></span> 
     </span>
     <span class='ocr_line' id='line_1_12' title="bbox 102 1185 1240 1263; baseline 0.002 -19"><span class='ocrx_word' id='word_1_106' title='bbox 102 1187 158 1260; x_wconf 86' lang='lat' dir='ltr'><strong>cis,</strong></span> <span class='ocrx_word' id='word_1_107' title='bbox 189 1187 233 1243; x_wconf 92' lang='lat' dir='ltr'><strong>sic</strong></span> <span class='ocrx_word' id='word_1_108' title='bbox 264 1187 471 1244; x_wconf 70' lang='lat' dir='ltr'><strong>occurrendum</strong></span> <span class='ocrx_word' id='word_1_109' title='bbox 497 1205 563 1243; x_wconf 86' lang='lat' dir='ltr'><strong>esse</strong></span> <span class='ocrx_word' id='word_1_110' title='bbox 585 1185 713 1259; x_wconf 88' lang='lat' dir='ltr'><strong>videtur,</strong></span> <span class='ocrx_word' id='word_1_111' title='bbox 740 1192 772 1243; x_wconf 91' lang='lat' dir='ltr'><strong>ut</strong></span> <span class='ocrx_word' id='word_1_112' title='bbox 797 1186 924 1245; x_wconf 81' lang='lat' dir='ltr'><strong>collectis</strong></span> <span class='ocrx_word' id='word_1_113' title='bbox 949 1187 1033 1243; x_wconf 91' lang='lat' dir='ltr'><strong>unius</strong></span> <span class='ocrx_word' id='word_1_114' title='bbox 1054 1188 1240 1263; x_wconf 86' lang='lat' dir='ltr'><strong>ejusdemque</strong></span> 
     </span>
     <span class='ocr_line' id='line_1_13' title="bbox 101 1268 1242 1348; baseline 0.002 -21"><span class='ocrx_word' id='word_1_115' title='bbox 101 1268 232 1328; x_wconf 78' lang='lat' dir='ltr'><strong>vocabuli</strong></span> <span class='ocrx_word' id='word_1_116' title='bbox 252 1270 511 1347; x_wconf 87' lang='lat' dir='ltr'><strong>vocabulorumque</strong></span> <span class='ocrx_word' id='word_1_117' title='bbox 534 1270 648 1344; x_wconf 84' lang='lat' dir='ltr'><strong>generis</strong></span> <span class='ocrx_word' id='word_1_118' title='bbox 670 1270 806 1347; x_wconf 84' lang='lat' dir='ltr'><strong>exemplis</strong></span> <span class='ocrx_word' id='word_1_119' title='bbox 830 1268 972 1346; x_wconf 70' lang='lat' dir='ltr'><strong>omuibus,</strong></span> <span class='ocrx_word' id='word_1_120' title='bbox 991 1271 1104 1331; x_wconf 86' lang='lat' dir='ltr'><strong>ratione</strong></span> <span class='ocrx_word' id='word_1_121' title='bbox 1126 1290 1242 1348; x_wconf 88' lang='lat' dir='ltr'><strong>quoque</strong></span> 
     </span>
     <span class='ocr_line' id='line_1_14' title="bbox 100 1353 1242 1433; baseline 0.001 -21"><span class='ocrx_word' id='word_1_122' title='bbox 100 1357 127 1413; x_wconf 92' lang='lat' dir='ltr'><strong>in</strong></span> <span class='ocrx_word' id='word_1_123' title='bbox 148 1354 216 1413; x_wconf 92' lang='lat' dir='ltr'><strong>loco</strong></span> <span class='ocrx_word' id='word_1_124' title='bbox 239 1353 368 1412; x_wconf 91' lang='lat' dir='ltr'><strong>codicum</strong></span> <span class='ocrx_word' id='word_1_125' title='bbox 386 1355 528 1431; x_wconf 85' lang='lat' dir='ltr'><strong>scriptura</strong></span> <span class='ocrx_word' id='word_1_126' title='bbox 545 1355 658 1430; x_wconf 88' lang='lat' dir='ltr'><strong>habita,</strong></span> <span class='ocrx_word' id='word_1_127' title='bbox 681 1371 817 1413; x_wconf 87' lang='lat' dir='ltr'><strong>summam</strong></span> <span class='ocrx_word' id='word_1_128' title='bbox 840 1354 981 1430; x_wconf 81' lang='lat' dir='ltr'><strong>quendam</strong></span> <span class='ocrx_word' id='word_1_129' title='bbox 1003 1354 1048 1411; x_wconf 87' lang='lat' dir='ltr'><strong>vel</strong></span> <span class='ocrx_word' id='word_1_130' title='bbox 1070 1356 1242 1433; x_wconf 84' lang='lat' dir='ltr'><strong>depravatu·</strong></span> 
     </span>
     <span class='ocr_line' id='line_1_15' title="bbox 103 1437 1241 1515; baseline 0 -18"><span class='ocrx_word' id='word_1_131' title='bbox 103 1459 162 1497; x_wconf 90' lang='lat' dir='ltr'><strong>rum</strong></span> <span class='ocrx_word' id='word_1_132' title='bbox 183 1437 231 1496; x_wconf 81' lang='lat' dir='ltr'><strong>vel</strong></span> <span class='ocrx_word' id='word_1_133' title='bbox 250 1445 393 1497; x_wconf 88' lang='lat' dir='ltr'><strong>rectarum</strong></span> <span class='ocrx_word' id='word_1_134' title='bbox 415 1437 570 1496; x_wconf 79' lang='lat' dir='ltr'><strong>formarum</strong></span> <span class='ocrx_word' id='word_1_135' title='bbox 590 1438 781 1496; x_wconf 86' lang='lat' dir='ltr'><strong>subducamus</strong></span> <span class='ocrx_word' id='word_1_136' title='bbox 799 1444 885 1513; x_wconf 89' lang='lat' dir='ltr'><strong>atque</strong></span> <span class='ocrx_word' id='word_1_137' title='bbox 908 1438 1100 1512; x_wconf 80' lang='lat' dir='ltr'><strong>conferamus,</strong></span> <span class='ocrx_word' id='word_1_138' title='bbox 1117 1440 1241 1515; x_wconf 82' lang='lat' dir='ltr'><strong>indeque</strong></span> 
     </span>
     <span class='ocr_line' id='line_1_16' title="bbox 103 1521 1240 1599; baseline -0.002 -17"><span class='ocrx_word' id='word_1_139' title='bbox 103 1525 217 1582; x_wconf 88' lang='lat' dir='ltr'><strong>codices</strong></span> <span class='ocrx_word' id='word_1_140' title='bbox 241 1523 324 1599; x_wconf 80' lang='lat' dir='ltr'><strong>ipsos</strong></span> <span class='ocrx_word' id='word_1_141' title='bbox 344 1524 467 1580; x_wconf 81' lang='lat' dir='ltr'><strong>intense</strong></span> <span class='ocrx_word' id='word_1_142' title='bbox 489 1523 677 1584; x_wconf 87' lang='lat' dir='ltr'><strong>conciliemus.</strong></span> <span class='ocrx_word' id='word_1_143' title='bbox 720 1521 884 1582; x_wconf 86' lang='lat' dir='ltr'><strong>Restabunt</strong></span> <span class='ocrx_word' id='word_1_144' title='bbox 897 1527 991 1579; x_wconf 84' lang='lat' dir='ltr'><strong>tamen</strong></span> <span class='ocrx_word' id='word_1_145' title='bbox 1007 1524 1149 1580; x_wconf 88' lang='lat' dir='ltr'><strong>interdum</strong></span> <span class='ocrx_word' id='word_1_146' title='bbox 1165 1541 1240 1580; x_wconf 88' lang='lat' dir='ltr'><strong>non·</strong></span> 
     </span>
     <span class='ocr_line' id='line_1_17' title="bbox 99 1604 1283 1683; baseline -0.003 -17"><span class='ocrx_word' id='word_1_147' title='bbox 99 1607 166 1666; x_wconf 90' lang='lat' dir='ltr'><strong>nulli</strong></span> <span class='ocrx_word' id='word_1_148' title='bbox 195 1608 272 1683; x_wconf 89' lang='lat' dir='ltr'><strong>loci,</strong></span> <span class='ocrx_word' id='word_1_149' title='bbox 301 1606 349 1665; x_wconf 92' lang='lat' dir='ltr'><strong>ubi</strong></span> <span class='ocrx_word' id='word_1_150' title='bbox 379 1607 494 1666; x_wconf 90' lang='lat' dir='ltr'><strong>codices</strong></span> <span class='ocrx_word' id='word_1_151' title='bbox 518 1627 616 1665; x_wconf 88' lang='lat' dir='ltr'><strong>omnes</strong></span> <span class='ocrx_word' id='word_1_152' title='bbox 640 1627 749 1665; x_wconf 86' lang='lat' dir='ltr'><strong>summo</strong></span> <span class='ocrx_word' id='word_1_153' title='bbox 772 1625 914 1664; x_wconf 88' lang='lat' dir='ltr'><strong>consensu</strong></span> <span class='ocrx_word' id='word_1_154' title='bbox 941 1604 981 1681; x_wconf 90' lang='lat' dir='ltr'><strong>(si</strong></span> <span class='ocrx_word' id='word_1_155' title='bbox 1003 1607 1076 1664; x_wconf 88' lang='lat' dir='ltr'><strong>enim</strong></span> <span class='ocrx_word' id='word_1_156' title='bbox 1098 1606 1239 1665; x_wconf 87' lang='lat' dir='ltr'><strong>silentium</strong></span> <span class='ocrx_word' id='word_1_157' title='bbox 1280 1657 1283 1662; x_wconf 89' lang='lat'><em>.</em></span> 
     </span>
     <span class='ocr_line' id='line_1_18' title="bbox 99 1691 1238 1768; baseline -0.004 -18"><span class='ocrx_word' id='word_1_158' title='bbox 99 1710 214 1767; x_wconf 79' lang='lat' dir='ltr'><strong>eorum,</strong></span> <span class='ocrx_word' id='word_1_159' title='bbox 243 1691 291 1768; x_wconf 86' lang='lat' dir='ltr'><strong>qui</strong></span> <span class='ocrx_word' id='word_1_160' title='bbox 313 1691 443 1766; x_wconf 80' lang='lat' dir='ltr'><strong>qqdicum</strong></span> <span class='ocrx_word' id='word_1_161' title='bbox 463 1692 701 1749; x_wconf 87' lang='lat' dir='ltr'><strong>conserendorum</strong></span> <span class='ocrx_word' id='word_1_162' title='bbox 722 1710 824 1747; x_wconf 88' lang='lat' dir='ltr'><strong>munus</strong></span> <span class='ocrx_word' id='word_1_163' title='bbox 844 1691 874 1748; x_wconf 91' lang='lat' dir='ltr'><strong>in</strong></span> <span class='ocrx_word' id='word_1_164' title='bbox 899 1709 931 1747; x_wconf 90' lang='lat' dir='ltr'><strong>se</strong></span> <span class='ocrx_word' id='word_1_165' title='bbox 952 1696 1155 1766; x_wconf 77' lang='lat' dir='ltr'><strong>susceperunt,</strong></span> <span class='ocrx_word' id='word_1_166' title='bbox 1183 1709 1238 1766; x_wconf 92' lang='lat' dir='ltr'><strong>pro</strong></span> 
     </span>
     <span class='ocr_line' id='line_1_19' title="bbox 101 1773 1297 1854; baseline -0.003 -21"><span class='ocrx_word' id='word_1_167' title='bbox 101 1796 246 1835; x_wconf 83' lang='lat' dir='ltr'><strong>consensu</strong></span> <span class='ocrx_word' id='word_1_168' title='bbox 271 1782 317 1834; x_wconf 88' lang='lat' dir='ltr'><strong>est</strong></span> <span class='ocrx_word' id='word_1_169' title='bbox 347 1773 521 1854; x_wconf 89' lang='lat' dir='ltr'><strong>habendum)</strong></span> <span class='ocrx_word' id='word_1_170' title='bbox 551 1781 650 1833; x_wconf 82' lang='lat' dir='ltr'><strong>contra</strong></span> <span class='ocrx_word' id='word_1_171' title='bbox 679 1775 878 1832; x_wconf 84' lang='lat' dir='ltr'><strong>Herodoteum</strong></span> <span class='ocrx_word' id='word_1_172' title='bbox 899 1792 980 1831; x_wconf 88' lang='lat' dir='ltr'><strong>usum</strong></span> <span class='ocrx_word' id='word_1_173' title='bbox 1002 1775 1145 1841; x_wconf 87' lang='lat' dir='ltr'><strong>nituntur;</strong></span> <span class='ocrx_word' id='word_1_174' title='bbox 1175 1775 1238 1849; x_wconf 89' lang='lat' dir='ltr'><strong>sed,</strong></span> <span class='ocrx_word' id='word_1_175' title='bbox 1294 1795 1297 1802; x_wconf 88' lang='lat'>·</span> 
     </span>
     <span class='ocr_line' id='line_1_20' title="bbox 100 1858 1272 1939; baseline -0.004 -21"><span class='ocrx_word' id='word_1_176' title='bbox 100 1879 198 1936; x_wconf 90' lang='lat' dir='ltr'><strong>quum,</strong></span> <span class='ocrx_word' id='word_1_177' title='bbox 220 1868 254 1919; x_wconf 93' lang='lat' dir='ltr'><strong>ut</strong></span> <span class='ocrx_word' id='word_1_178' title='bbox 276 1861 417 1939; x_wconf 82' lang='lat' dir='ltr'><strong>pessimos</strong></span> <span class='ocrx_word' id='word_1_179' title='bbox 439 1873 642 1935; x_wconf 83' lang='lat' dir='ltr'><strong>nonnunquam</strong></span> <span class='ocrx_word' id='word_1_180' title='bbox 660 1879 721 1917; x_wconf 89' lang='lat' dir='ltr'><strong>cum</strong></span> <span class='ocrx_word' id='word_1_181' title='bbox 744 1858 998 1937; x_wconf 82' lang='lat' dir='ltr'><strong>praestantissimis</strong></span> <span class='ocrx_word' id='word_1_182' title='bbox 1015 1858 1181 1935; x_wconf 82' lang='lat' dir='ltr'><strong>conspirare</strong></span> <span class='ocrx_word' id='word_1_183' title='bbox 1194 1858 1238 1913; x_wconf 86' lang='lat' dir='ltr'><strong>vi·</strong></span> <span class='ocrx_word' id='word_1_184' title='bbox 1265 1877 1272 1882; x_wconf 62' lang='lat'><em>¹</em></span> 
     </span>
    </p>

    <p class='ocr_par' dir='ltr' id='par_1_3' title="bbox 100 1941 1237 2023">
     <span class='ocr_line' id='line_1_21' title="bbox 100 1941 1237 2023; baseline -0.004 -21"><span class='ocrx_word' id='word_1_185' title='bbox 100 1945 192 2003; x_wconf 90' lang='lat' dir='ltr'><strong>dimus</strong></span> <span class='ocrx_word' id='word_1_186' title='bbox 213 1951 243 2002; x_wconf 89' lang='lat' dir='ltr'><strong>et</strong></span> <span class='ocrx_word' id='word_1_187' title='bbox 256 1945 387 2023; x_wconf 88' lang='lat' dir='ltr'><strong>optimos</strong></span> <span class='ocrx_word' id='word_1_188' title='bbox 400 1942 472 2000; x_wconf 85' lang='lat' dir='ltr'><strong>falsa</strong></span> <span class='ocrx_word' id='word_1_189' title='bbox 489 1942 659 2015; x_wconf 85' lang='lat' dir='ltr'><strong>exhibuisse,</strong></span> <span class='ocrx_word' id='word_1_190' title='bbox 681 1944 723 2001; x_wconf 88' lang='lat' dir='ltr'><strong>sic</strong></span> <span class='ocrx_word' id='word_1_191' title='bbox 744 1943 831 2000; x_wconf 88' lang='lat' dir='ltr'><strong>etiam</strong></span> <span class='ocrx_word' id='word_1_192' title='bbox 848 1941 909 1999; x_wconf 82' lang='lat' dir='ltr'><strong>fieri</strong></span> <span class='ocrx_word' id='word_1_193' title='bbox 926 1942 1066 2018; x_wconf 90' lang='lat' dir='ltr'><strong>potuerit,</strong></span> <span class='ocrx_word' id='word_1_194' title='bbox 1086 1947 1117 1999; x_wconf 92' lang='lat' dir='ltr'><strong>ut</strong></span> <span class='ocrx_word' id='word_1_195' title='bbox 1138 1958 1237 1998; x_wconf 80' lang='lat' dir='ltr'><strong>omnes</strong></span> 
     </span>
    </p>

    <p class='ocr_par' dir='ltr' id='par_1_4' title="bbox 99 2024 1238 2107">
     <span class='ocr_line' id='line_1_22' title="bbox 99 2024 1238 2107; baseline -0.005 -20"><span class='ocrx_word' id='word_1_196' title='bbox 99 2031 274 2107; x_wconf 82' lang='lat' dir='ltr'><strong>superstites</strong></span> <span class='ocrx_word' id='word_1_197' title='bbox 301 2027 472 2106; x_wconf 83' lang='lat' dir='ltr'><strong>quibusdam</strong></span> <span class='ocrx_word' id='word_1_198' title='bbox 501 2028 530 2083; x_wconf 92' lang='lat' dir='ltr'><strong>in</strong></span> <span class='ocrx_word' id='word_1_199' title='bbox 559 2027 629 2085; x_wconf 90' lang='lat' dir='ltr'><strong>locis</strong></span> <span class='ocrx_word' id='word_1_200' title='bbox 655 2028 729 2085; x_wconf 91' lang='lat' dir='ltr'><strong>malo</strong></span> <span class='ocrx_word' id='word_1_201' title='bbox 756 2027 792 2084; x_wconf 90' lang='lat' dir='ltr'><strong>de</strong></span> <span class='ocrx_word' id='word_1_202' title='bbox 815 2025 967 2101; x_wconf 83' lang='lat' dir='ltr'><strong>exemplari</strong></span> <span class='ocrx_word' id='word_1_203' title='bbox 995 2024 1238 2099; x_wconf 86' lang='lat' dir='ltr'><strong>describerentur,</strong></span> 
     </span>
    </p>

    <p class='ocr_par' dir='ltr' id='par_1_5' title="bbox 99 2108 1264 2273">
     <span class='ocr_line' id='line_1_23' title="bbox 99 2108 1264 2191; baseline -0.004 -20"><span class='ocrx_word' id='word_1_204' title='bbox 99 2113 230 2190; x_wconf 90' lang='lat' dir='ltr'><strong>maleque</strong></span> <span class='ocrx_word' id='word_1_205' title='bbox 253 2113 398 2191; x_wconf 83' lang='lat' dir='ltr'><strong>descripta</strong></span> <span class='ocrx_word' id='word_1_206' title='bbox 420 2113 616 2185; x_wconf 83' lang='lat' dir='ltr'><strong>servarentur,</strong></span> <span class='ocrx_word' id='word_1_207' title='bbox 638 2111 707 2169; x_wconf 92' lang='lat' dir='ltr'><strong>nihil</strong></span> <span class='ocrx_word' id='word_1_208' title='bbox 729 2129 783 2168; x_wconf 92' lang='lat' dir='ltr'><strong>nos</strong></span> <span class='ocrx_word' id='word_1_209' title='bbox 804 2109 944 2188; x_wconf 80' lang='lat' dir='ltr'><strong>impedire</strong></span> <span class='ocrx_word' id='word_1_210' title='bbox 964 2108 1067 2182; x_wconf 90' lang='lat' dir='ltr'><strong>video,</strong></span> <span class='ocrx_word' id='word_1_211' title='bbox 1087 2108 1239 2185; x_wconf 86' lang='lat' dir='ltr'><strong>quominus</strong></span> <span class='ocrx_word' id='word_1_212' title='bbox 1263 2115 1264 2118; x_wconf 75' lang='grc'>’</span> 
     </span>
     <span class='ocr_line' id='line_1_24' title="bbox 99 2192 1238 2273; baseline -0.004 -18"><span class='ocrx_word' id='word_1_213' title='bbox 99 2199 159 2256; x_wconf 87' lang='lat' dir='ltr'><strong>istis</strong></span> <span class='ocrx_word' id='word_1_214' title='bbox 185 2200 217 2256; x_wconf 92' lang='lat' dir='ltr'><strong>in</strong></span> <span class='ocrx_word' id='word_1_215' title='bbox 239 2197 329 2272; x_wconf 86' lang='lat' dir='ltr'><strong>locis,</strong></span> <span class='ocrx_word' id='word_1_216' title='bbox 356 2196 509 2255; x_wconf 93' lang='lat' dir='ltr'><strong>dummodo</strong></span> <span class='ocrx_word' id='word_1_217' title='bbox 533 2195 668 2273; x_wconf 88' lang='lat' dir='ltr'><strong>pleraque</strong></span> <span class='ocrx_word' id='word_1_218' title='bbox 689 2193 819 2272; x_wconf 83' lang='lat' dir='ltr'><strong>exempla</strong></span> <span class='ocrx_word' id='word_1_219' title='bbox 841 2192 958 2269; x_wconf 87' lang='lat' dir='ltr'><strong>regulae</strong></span> <span class='ocrx_word' id='word_1_220' title='bbox 976 2210 1010 2252; x_wconf 89' lang='lat' dir='ltr'><strong>ac</strong></span> <span class='ocrx_word' id='word_1_221' title='bbox 1029 2210 1147 2251; x_wconf 90' lang='lat' dir='ltr'><strong>normae</strong></span> <span class='ocrx_word' id='word_1_222' title='bbox 1172 2210 1238 2250; x_wconf 89' lang='lat' dir='ltr'><strong>sese</strong></span> 
     </span>
    </p>

    <p class='ocr_par' dir='ltr' id='par_1_6' title="bbox 101 2275 1237 2359">
     <span class='ocr_line' id='line_1_25' title="bbox 101 2275 1237 2359; baseline -0.006 -19"><span class='ocrx_word' id='word_1_223' title='bbox 101 2282 394 2357; x_wconf 77' lang='lat' dir='ltr'><strong>accommodaverim,</strong></span> <span class='ocrx_word' id='word_1_224' title='bbox 423 2300 543 2359; x_wconf 89' lang='lat' dir='ltr'><strong>prorsus</strong></span> <span class='ocrx_word' id='word_1_225' title='bbox 570 2282 699 2340; x_wconf 89' lang='lat' dir='ltr'><strong>codicum</strong></span> <span class='ocrx_word' id='word_1_226' title='bbox 719 2279 792 2342; x_wconf 86' lang='lat' dir='ltr'><strong>Mss.</strong></span> <span class='ocrx_word' id='word_1_227' title='bbox 822 2278 1020 2336; x_wconf 89' lang='lat' dir='ltr'><strong>auctoritatem</strong></span> <span class='ocrx_word' id='word_1_228' title='bbox 1046 2275 1237 2354; x_wconf 81' lang='lat' dir='ltr'><strong>negligamus,</strong></span> 
     </span>
    </p>
   </div>
   <div class='ocr_carea' id='block_1_3' title="bbox 101 2457 1234 2604">
    <p class='ocr_par' dir='ltr' id='par_1_7' title="bbox 101 2457 1234 2604">
     <span class='ocr_line' id='line_1_26' title="bbox 149 2457 1234 2532; baseline -0.006 -17"><span class='ocrx_word' id='word_1_229' title='bbox 149 2464 199 2532; x_wconf 19' lang='lat'><strong>¹⁴¹)</strong></span> <span class='ocrx_word' id='word_1_230' title='bbox 218 2464 289 2516; x_wconf 84' lang='lat' dir='ltr'><strong>Vide</strong></span> <span class='ocrx_word' id='word_1_231' title='bbox 305 2463 489 2517; x_wconf 82' lang='lat' dir='ltr'><strong>Praelationes</strong></span> <span class='ocrx_word' id='word_1_232' title='bbox 506 2462 667 2531; x_wconf 84' lang='lat' dir='ltr'><strong>Wesseling.</strong></span> <span class='ocrx_word' id='word_1_233' title='bbox 687 2467 713 2514; x_wconf 90' lang='lat' dir='ltr'><strong>et</strong></span> <span class='ocrx_word' id='word_1_234' title='bbox 731 2459 884 2529; x_wconf 76' lang='lat' dir='ltr'><strong>Schweigh.</strong></span> <span class='ocrx_word' id='word_1_235' title='bbox 910 2489 945 2498; x_wconf 90' lang='lat'><em>-</em></span> <span class='ocrx_word' id='word_1_236' title='bbox 970 2459 1084 2524; x_wconf 77' lang='lat' dir='ltr'><strong>struve,</strong></span> <span class='ocrx_word' id='word_1_237' title='bbox 1102 2457 1234 2526; x_wconf 79' lang='lat' dir='ltr'><strong>Spec.11‚</strong></span> 
     </span>
     <span class='ocr_line' id='line_1_27' title="bbox 101 2527 1234 2604; baseline -0.006 -19"><span class='ocrx_word' id='word_1_238' title='bbox 101 2552 128 2604; x_wconf 87' lang='lat' dir='ltr'><strong>p.</strong></span> <span class='ocrx_word' id='word_1_239' title='bbox 147 2534 196 2598; x_wconf 72' lang='lat'><strong>153</strong></span> <span class='ocrx_word' id='word_1_240' title='bbox 215 2532 267 2597; x_wconf 86' lang='lat' dir='ltr'><strong>Ill,</strong></span> <span class='ocrx_word' id='word_1_241' title='bbox 286 2552 314 2602; x_wconf 88' lang='lat' dir='ltr'><strong>p.</strong></span> <span class='ocrx_word' id='word_1_242' title='bbox 333 2532 390 2584; x_wconf 74' lang='lat' dir='ltr'><strong>tet</strong></span> <span class='ocrx_word' id='word_1_243' title='bbox 399 2533 426 2589; x_wconf 83' lang='lat'><strong>5.</strong></span> <span class='ocrx_word' id='word_1_244' title='bbox 443 2562 478 2570; x_wconf 92' lang='lat'>—</span> <span class='ocrx_word' id='word_1_245' title='bbox 497 2535 556 2596; x_wconf 80' lang='lat' dir='ltr'><strong>Qua</strong></span> <span class='ocrx_word' id='word_1_246' title='bbox 575 2533 602 2583; x_wconf 90' lang='lat' dir='ltr'><strong>in</strong></span> <span class='ocrx_word' id='word_1_247' title='bbox 620 2531 760 2584; x_wconf 90' lang='lat' dir='ltr'><strong>occasione</strong></span> <span class='ocrx_word' id='word_1_248' title='bbox 776 2531 866 2581; x_wconf 83' lang='lat' dir='ltr'><strong>facere</strong></span> <span class='ocrx_word' id='word_1_249' title='bbox 883 2545 935 2579; x_wconf 92' lang='lat' dir='ltr'><strong>non</strong></span> <span class='ocrx_word' id='word_1_250' title='bbox 953 2543 1068 2595; x_wconf 87' lang='lat' dir='ltr'><strong>possum,</strong></span> <span class='ocrx_word' id='word_1_251' title='bbox 1087 2527 1150 2594; x_wconf 90' lang='lat' dir='ltr'><strong>quin</strong></span> <span class='ocrx_word' id='word_1_252' title='bbox 1168 2543 1234 2594; x_wconf 90' lang='lat' dir='ltr'><strong>quo·</strong></span> 
     </span>
    </p>
   </div>
   <div class='ocr_carea' id='block_1_4' title="bbox 14 2595 1235 2878">
    <p class='ocr_par' dir='ltr' id='par_1_8' title="bbox 14 2595 1235 2878">
     <span class='ocr_line' id='line_1_28' title="bbox 14 2595 1235 2669; baseline -0.007 -14"><span class='ocrx_word' id='word_1_253' title='bbox 14 2660 15 2663; x_wconf 66' lang='lat'><strong>,</strong></span> <span class='ocrx_word' id='word_1_254' title='bbox 101 2620 143 2654; x_wconf 88' lang='lat' dir='ltr'><strong>rar</strong></span> <span class='ocrx_word' id='word_1_255' title='bbox 159 2604 192 2654; x_wconf 89' lang='lat' dir='ltr'><strong>de</strong></span> <span class='ocrx_word' id='word_1_256' title='bbox 210 2601 393 2654; x_wconf 79' lang='lat' dir='ltr'><strong>illiberalitate</strong></span> <span class='ocrx_word' id='word_1_257' title='bbox 411 2603 523 2669; x_wconf 88' lang='lat' dir='ltr'><strong>quadam</strong></span> <span class='ocrx_word' id='word_1_258' title='bbox 543 2612 570 2654; x_wconf 90' lang='lat' dir='ltr'><strong>et</strong></span> <span class='ocrx_word' id='word_1_259' title='bbox 587 2600 780 2664; x_wconf 80' lang='lat' dir='ltr'><strong>occultatione,</strong></span> <span class='ocrx_word' id='word_1_260' title='bbox 801 2599 827 2648; x_wconf 90' lang='lat' dir='ltr'><strong>iu</strong></span> <span class='ocrx_word' id='word_1_261' title='bbox 845 2614 899 2664; x_wconf 90' lang='lat' dir='ltr'><strong>qua</strong></span> <span class='ocrx_word' id='word_1_262' title='bbox 917 2596 1065 2648; x_wconf 83' lang='lat' dir='ltr'><strong>absconditi</strong></span> <span class='ocrx_word' id='word_1_263' title='bbox 1083 2595 1235 2663; x_wconf 84' lang='lat' dir='ltr'><strong>plerumque</strong></span> 
     </span>
     <span class='ocr_line' id='line_1_29' title="bbox 14 2663 1235 2737; baseline -0.007 -12"><span class='ocrx_word' id='word_1_264' title='bbox 14 2694 15 2725; x_wconf 76' lang='grc' dir='ltr'>ι</span> <span class='ocrx_word' id='word_1_265' title='bbox 100 2671 246 2725; x_wconf 87' lang='lat' dir='ltr'><strong>retinentur</strong></span> <span class='ocrx_word' id='word_1_266' title='bbox 265 2672 370 2723; x_wconf 88' lang='lat' dir='ltr'><strong>codices</strong></span> <span class='ocrx_word' id='word_1_267' title='bbox 387 2670 562 2737; x_wconf 84' lang='lat' dir='ltr'><strong>manuscripti</strong></span> <span class='ocrx_word' id='word_1_268' title='bbox 584 2669 618 2720; x_wconf 89' lang='lat' dir='ltr'><strong>iis</strong></span> <span class='ocrx_word' id='word_1_269' title='bbox 641 2669 669 2720; x_wconf 90' lang='lat' dir='ltr'><strong>in</strong></span> <span class='ocrx_word' id='word_1_270' title='bbox 686 2667 765 2732; x_wconf 89' lang='lat' dir='ltr'><strong>locis,</strong></span> <span class='ocrx_word' id='word_1_271' title='bbox 791 2666 835 2718; x_wconf 90' lang='lat' dir='ltr'><strong>ubi</strong></span> <span class='ocrx_word' id='word_1_272' title='bbox 859 2664 939 2717; x_wconf 88' lang='lat' dir='ltr'><strong>semet</strong></span> <span class='ocrx_word' id='word_1_273' title='bbox 964 2672 1027 2716; x_wconf 90' lang='lat' dir='ltr'><strong>sunt</strong></span> <span class='ocrx_word' id='word_1_274' title='bbox 1044 2663 1136 2733; x_wconf 83' lang='lat' dir='ltr'><strong>positi.</strong></span> <span class='ocrx_word' id='word_1_275' title='bbox 1173 2663 1235 2716; x_wconf 84' lang='lat' dir='ltr'><strong>Mea</strong></span> 
     </span>
     <span class='ocr_line' id='line_1_30' title="bbox 14 2731 1234 2817; baseline -0.008 -24"><span class='ocrx_word' id='word_1_276' title='bbox 14 2744 15 2801; x_wconf 73' lang='lat' dir='ltr'><strong>i</strong></span> <span class='ocrx_word' id='word_1_277' title='bbox 101 2740 205 2809; x_wconf 82' lang='lat' dir='ltr'><strong>quidem</strong></span> <span class='ocrx_word' id='word_1_278' title='bbox 229 2758 263 2793; x_wconf 85' lang='lat' dir='ltr'><strong>cx</strong></span> <span class='ocrx_word' id='word_1_279' title='bbox 285 2739 416 2795; x_wconf 86' lang='lat' dir='ltr'><strong>sententia</strong></span> <span class='ocrx_word' id='word_1_280' title='bbox 439 2756 529 2791; x_wconf 86' lang='lat' dir='ltr'><strong>omnes</strong></span> <span class='ocrx_word' id='word_1_281' title='bbox 553 2743 684 2817; x_wconf 73' lang='lat' dir='ltr'><strong>quotquqt</strong></span> <span class='ocrx_word' id='word_1_282' title='bbox 706 2739 849 2803; x_wconf 83' lang='lat' dir='ltr'><strong>supersunt</strong></span> <span class='ocrx_word' id='word_1_283' title='bbox 871 2732 988 2798; x_wconf 82' lang='lat' dir='ltr'><strong>cujusvis</strong></span> <span class='ocrx_word' id='word_1_284' title='bbox 1011 2731 1103 2798; x_wconf 87' lang='lat' dir='ltr'><strong>scripti</strong></span> <span class='ocrx_word' id='word_1_285' title='bbox 1129 2731 1234 2783; x_wconf 86' lang='lat' dir='ltr'><strong>codices</strong></span> 
     </span>
     <span class='ocr_line' id='line_1_31' title="bbox 14 2798 1233 2878; baseline -0.01 -16"><span class='ocrx_word' id='word_1_286' title='bbox 14 2836 15 2839; x_wconf 39' lang='lat'>¹</span> <span class='ocrx_word' id='word_1_287' title='bbox 100 2808 272 2878; x_wconf 89' lang='lat' dir='ltr'><strong>manuscripti</strong></span> <span class='ocrx_word' id='word_1_288' title='bbox 292 2807 411 2861; x_wconf 89' lang='lat' dir='ltr'><strong>omnibus</strong></span> <span class='ocrx_word' id='word_1_289' title='bbox 429 2825 487 2863; x_wconf 86' lang='lat' dir='ltr'><strong>curn</strong></span> <span class='ocrx_word' id='word_1_290' title='bbox 507 2807 581 2859; x_wconf 87' lang='lat' dir='ltr'><strong>vitiis</strong></span> <span class='ocrx_word' id='word_1_291' title='bbox 600 2806 773 2871; x_wconf 78' lang='lat' dir='ltr'><strong>omnibusque</strong></span> <span class='ocrx_word' id='word_1_292' title='bbox 791 2818 848 2854; x_wconf 89' lang='lat' dir='ltr'><strong>curn</strong></span> <span class='ocrx_word' id='word_1_293' title='bbox 866 2801 959 2868; x_wconf 78' lang='lat' dir='ltr'><strong>signis,</strong></span> <span class='ocrx_word' id='word_1_294' title='bbox 980 2798 1091 2864; x_wconf 90' lang='lat' dir='ltr'><strong>lineolis,</strong></span> <span class='ocrx_word' id='word_1_295' title='bbox 1109 2798 1233 2850; x_wconf 84' lang='lat' dir='ltr'><strong>ductibus</strong></span> 
     </span>
    </p>
   </div>
   <div class='ocr_carea' id='block_1_5' title="bbox 100 2866 1290 3014">
    <p class='ocr_par' dir='ltr' id='par_1_9' title="bbox 100 2866 1290 3014">
     <span class='ocr_line' id='line_1_32' title="bbox 101 2866 1290 2945; baseline -0.013 -13"><span class='ocrx_word' id='word_1_296' title='bbox 101 2877 297 2932; x_wconf 74' lang='lat' dir='ltr'><strong>accuratissime</strong></span> <span class='ocrx_word' id='word_1_297' title='bbox 316 2877 571 2945; x_wconf 84' lang='lat' dir='ltr'><strong>diligentissimeque</strong></span> <span class='ocrx_word' id='word_1_298' title='bbox 588 2872 662 2943; x_wconf 86' lang='lat' dir='ltr'><strong>typis</strong></span> <span class='ocrx_word' id='word_1_299' title='bbox 681 2869 849 2924; x_wconf 90' lang='lat' dir='ltr'><strong>describendi</strong></span> <span class='ocrx_word' id='word_1_300' title='bbox 859 2875 929 2935; x_wconf 92' lang='lat' dir='ltr'><strong>suut,</strong></span> <span class='ocrx_word' id='word_1_301' title='bbox 947 2873 980 2919; x_wconf 89' lang='lat' dir='ltr'><strong>ut</strong></span> <span class='ocrx_word' id='word_1_302' title='bbox 996 2883 1084 2919; x_wconf 89' lang='lat' dir='ltr'><strong>eorum</strong></span> <span class='ocrx_word' id='word_1_303' title='bbox 1103 2866 1234 2935; x_wconf 86' lang='lat' dir='ltr'><strong>exempla·</strong></span> <span class='ocrx_word' id='word_1_304' title='bbox 1285 2888 1290 2893; x_wconf 87' lang='lat'>·</span> 
     </span>
     <span class='ocr_line' id='line_1_33' title="bbox 100 2935 1234 3014; baseline -0.011 -14"><span class='ocrx_word' id='word_1_305' title='bbox 100 2948 137 3004; x_wconf 86' lang='lat' dir='ltr'><strong>ria</strong></span> <span class='ocrx_word' id='word_1_306' title='bbox 151 2964 243 3001; x_wconf 87' lang='lat' dir='ltr'><strong>omnes</strong></span> <span class='ocrx_word' id='word_1_307' title='bbox 261 2946 289 2998; x_wconf 90' lang='lat' dir='ltr'><strong>in</strong></span> <span class='ocrx_word' id='word_1_308' title='bbox 307 2957 394 2999; x_wconf 89' lang='lat' dir='ltr'><strong>terras</strong></span> <span class='ocrx_word' id='word_1_309' title='bbox 410 2962 552 3014; x_wconf 88' lang='lat' dir='ltr'><strong>omnesque</strong></span> <span class='ocrx_word' id='word_1_310' title='bbox 563 2942 591 2995; x_wconf 88' lang='lat' dir='ltr'><strong>in</strong></span> <span class='ocrx_word' id='word_1_311' title='bbox 608 2940 782 2995; x_wconf 75' lang='lat' dir='ltr'><strong>bibliothecas</strong></span> <span class='ocrx_word' id='word_1_312' title='bbox 799 2939 964 3005; x_wconf 84' lang='lat' dir='ltr'><strong>amniumque</strong></span> <span class='ocrx_word' id='word_1_313' title='bbox 980 2937 1008 2987; x_wconf 92' lang='lat' dir='ltr'><strong>iu</strong></span> <span class='ocrx_word' id='word_1_314' title='bbox 1028 2951 1118 2988; x_wconf 82' lang='lat' dir='ltr'><strong>munus</strong></span> <span class='ocrx_word' id='word_1_315' title='bbox 1134 2935 1234 2988; x_wconf 88' lang='lat' dir='ltr'><strong>dimitti</strong></span> 
     </span>
    </p>
   </div>
   <div class='ocr_carea' id='block_1_6' title="bbox 14 3003 1233 3086">
    <p class='ocr_par' dir='ltr' id='par_1_10' title="bbox 14 3003 1233 3086">
     <span class='ocr_line' id='line_1_34' title="bbox 14 3003 1233 3086; baseline -0.01 -17"><span class='ocrx_word' id='word_1_316' title='bbox 14 3020 16 3033; x_wconf 81' lang='lat'><em>&#39;</em></span> <span class='ocrx_word' id='word_1_317' title='bbox 101 3017 211 3086; x_wconf 87' lang='lat' dir='ltr'><strong>possint.</strong></span> <span class='ocrx_word' id='word_1_318' title='bbox 250 3017 441 3068; x_wconf 84' lang='lat' dir='ltr'><strong>Obmutesceut</strong></span> <span class='ocrx_word' id='word_1_319' title='bbox 456 3025 511 3068; x_wconf 89' lang='lat' dir='ltr'><strong>tum</strong></span> <span class='ocrx_word' id='word_1_320' title='bbox 529 3012 669 3082; x_wconf 84' lang='lat' dir='ltr'><strong>querelae,</strong></span> <span class='ocrx_word' id='word_1_321' title='bbox 690 3010 809 3071; x_wconf 67' lang='lat' dir='ltr'><strong>donasse</strong></span> <span class='ocrx_word' id='word_1_322' title='bbox 832 3023 901 3059; x_wconf 89' lang='lat' dir='ltr'><strong>nuuc</strong></span> <span class='ocrx_word' id='word_1_323' title='bbox 923 3007 1028 3074; x_wconf 81' lang='lat' dir='ltr'><strong>quidem</strong></span> <span class='ocrx_word' id='word_1_324' title='bbox 1044 3003 1173 3057; x_wconf 87' lang='lat' dir='ltr'><strong>interdum</strong></span> <span class='ocrx_word' id='word_1_325' title='bbox 1191 3005 1233 3057; x_wconf 92' lang='lat' dir='ltr'><strong>iu·</strong></span> 
     </span>
    </p>
   </div>
   <div class='ocr_carea' id='block_1_7' title="bbox 101 3072 1233 3153">
    <p class='ocr_par' dir='ltr' id='par_1_11' title="bbox 101 3072 1233 3153">
     <span class='ocr_line' id='line_1_35' title="bbox 101 3072 1233 3153; baseline -0.01 -16"><span class='ocrx_word' id='word_1_326' title='bbox 101 3102 174 3153; x_wconf 83' lang='lat' dir='ltr'><strong>aues,</strong></span> <span class='ocrx_word' id='word_1_327' title='bbox 207 3083 243 3137; x_wconf 87' lang='lat' dir='ltr'><strong>da</strong></span> <span class='ocrx_word' id='word_1_328' title='bbox 262 3085 387 3152; x_wconf 81' lang='lat' dir='ltr'><strong>levitate,</strong></span> <span class='ocrx_word' id='word_1_329' title='bbox 414 3083 582 3150; x_wconf 82' lang='lat' dir='ltr'><strong>indiligentia</strong></span> <span class='ocrx_word' id='word_1_330' title='bbox 606 3090 687 3150; x_wconf 86' lang='lat' dir='ltr'><strong>atque</strong></span> <span class='ocrx_word' id='word_1_331' title='bbox 710 3077 812 3134; x_wconf 83' lang='lat' dir='ltr'><strong>incuria</strong></span> <span class='ocrx_word' id='word_1_332' title='bbox 835 3076 1002 3140; x_wconf 87' lang='lat' dir='ltr'><strong>collatorum,</strong></span> <span class='ocrx_word' id='word_1_333' title='bbox 1031 3089 1141 3147; x_wconf 87' lang='lat' dir='ltr'><strong>quorum</strong></span> <span class='ocrx_word' id='word_1_334' title='bbox 1166 3072 1233 3126; x_wconf 84' lang='lat' dir='ltr'><strong>alius</strong></span> 
     </span>
    </p>
   </div>
   <div class='ocr_carea' id='block_1_8' title="bbox 14 3141 1233 3426">
    <p class='ocr_par' dir='ltr' id='par_1_12' title="bbox 14 3141 1233 3426">
     <span class='ocr_line' id='line_1_36' title="bbox 14 3141 1231 3215; baseline -0.012 -6"><span class='ocrx_word' id='word_1_335' title='bbox 14 3174 15 3177; x_wconf 48' lang='lat'>¹</span> <span class='ocrx_word' id='word_1_336' title='bbox 100 3154 160 3208; x_wconf 86' lang='lat' dir='ltr'><strong>alias</strong></span> <span class='ocrx_word' id='word_1_337' title='bbox 193 3156 230 3209; x_wconf 84' lang='lat' dir='ltr'><strong>ad</strong></span> <span class='ocrx_word' id='word_1_338' title='bbox 260 3170 304 3206; x_wconf 89' lang='lat' dir='ltr'><strong>res</strong></span> <span class='ocrx_word' id='word_1_339' title='bbox 333 3153 360 3205; x_wconf 91' lang='lat' dir='ltr'><strong>in</strong></span> <span class='ocrx_word' id='word_1_340' title='bbox 386 3153 521 3206; x_wconf 88' lang='lat' dir='ltr'><strong>codicibus</strong></span> <span class='ocrx_word' id='word_1_341' title='bbox 550 3146 716 3202; x_wconf 86' lang='lat' dir='ltr'><strong>conterendis</strong></span> <span class='ocrx_word' id='word_1_342' title='bbox 746 3145 886 3215; x_wconf 81' lang='lat' dir='ltr'><strong>respiciat,</strong></span> <span class='ocrx_word' id='word_1_343' title='bbox 922 3143 978 3197; x_wconf 90' lang='lat' dir='ltr'><strong>suis</strong></span> <span class='ocrx_word' id='word_1_344' title='bbox 1009 3141 1122 3211; x_wconf 87' lang='lat' dir='ltr'><strong>quisque</strong></span> <span class='ocrx_word' id='word_1_345' title='bbox 1147 3141 1231 3211; x_wconf 88' lang='lat' dir='ltr'><strong>ipsius</strong></span> 
     </span>
     <span class='ocr_line' id='line_1_37' title="bbox 14 3213 1231 3292; baseline -0.01 -16"><span class='ocrx_word' id='word_1_346' title='bbox 14 3226 15 3235; x_wconf 74' lang='grc'>’</span> <span class='ocrx_word' id='word_1_347' title='bbox 99 3228 125 3275; x_wconf 89' lang='lat' dir='ltr'><strong>et</strong></span> <span class='ocrx_word' id='word_1_348' title='bbox 152 3223 285 3292; x_wconf 87' lang='lat' dir='ltr'><strong>temporis</strong></span> <span class='ocrx_word' id='word_1_349' title='bbox 312 3221 460 3277; x_wconf 85' lang='lat' dir='ltr'><strong>rationibus</strong></span> <span class='ocrx_word' id='word_1_350' title='bbox 485 3221 598 3287; x_wconf 86' lang='lat' dir='ltr'><strong>ductus,</strong></span> <span class='ocrx_word' id='word_1_351' title='bbox 628 3225 658 3270; x_wconf 91' lang='lat' dir='ltr'><strong>ut</strong></span> <span class='ocrx_word' id='word_1_352' title='bbox 686 3215 764 3268; x_wconf 87' lang='lat' dir='ltr'><strong>iidem</strong></span> <span class='ocrx_word' id='word_1_353' title='bbox 791 3215 895 3267; x_wconf 88' lang='lat' dir='ltr'><strong>codices</strong></span> <span class='ocrx_word' id='word_1_354' title='bbox 919 3213 1003 3275; x_wconf 84' lang='lat' dir='ltr'><strong>Mss.‚</strong></span> <span class='ocrx_word' id='word_1_355' title='bbox 1027 3213 1111 3262; x_wconf 90' lang='lat' dir='ltr'><strong>donec</strong></span> <span class='ocrx_word' id='word_1_356' title='bbox 1128 3228 1144 3263; x_wconf 90' lang='lat' dir='ltr'><strong>a</strong></span> <span class='ocrx_word' id='word_1_357' title='bbox 1161 3229 1231 3264; x_wconf 91' lang='lat' dir='ltr'><strong>com-</strong></span> 
     </span>
     <span class='ocr_line' id='line_1_38' title="bbox 14 3282 1232 3359; baseline -0.011 -14"><span class='ocrx_word' id='word_1_358' title='bbox 14 3318 15 3333; x_wconf 55' lang='grc' dir='ltr'>ι</span> <span class='ocrx_word' id='word_1_359' title='bbox 101 3292 228 3344; x_wconf 82' lang='lat' dir='ltr'><strong>munitate</strong></span> <span class='ocrx_word' id='word_1_360' title='bbox 246 3292 371 3359; x_wconf 87' lang='lat' dir='ltr'><strong>disjuncti</strong></span> <span class='ocrx_word' id='word_1_361' title='bbox 391 3291 568 3353; x_wconf 88' lang='lat' dir='ltr'><strong>occultentur,</strong></span> <span class='ocrx_word' id='word_1_362' title='bbox 593 3304 641 3339; x_wconf 90' lang='lat' dir='ltr'><strong>sua</strong></span> <span class='ocrx_word' id='word_1_363' title='bbox 659 3293 754 3354; x_wconf 85' lang='lat' dir='ltr'><strong>sponte</strong></span> <span class='ocrx_word' id='word_1_364' title='bbox 773 3291 864 3352; x_wconf 89' lang='lat' dir='ltr'><strong>pateat</strong></span> <span class='ocrx_word' id='word_1_365' title='bbox 879 3284 955 3347; x_wconf 84' lang='lat' dir='ltr'><strong>iore,</strong></span> <span class='ocrx_word' id='word_1_366' title='bbox 976 3290 1005 3333; x_wconf 90' lang='lat' dir='ltr'><strong>ut</strong></span> <span class='ocrx_word' id='word_1_367' title='bbox 1020 3296 1124 3349; x_wconf 81' lang='lat' dir='ltr'><strong>semper</strong></span> <span class='ocrx_word' id='word_1_368' title='bbox 1141 3282 1232 3332; x_wconf 87' lang='lat' dir='ltr'><strong>eodem</strong></span> 
     </span>
     <span class='ocr_line' id='line_1_39' title="bbox 14 3348 1233 3426; baseline -0.013 -10"><span class='ocrx_word' id='word_1_369' title='bbox 14 3364 15 3417; x_wconf 68' lang='grc' dir='ltr'>ἶ</span> <span class='ocrx_word' id='word_1_370' title='bbox 100 3361 172 3414; x_wconf 89' lang='lat' dir='ltr'><strong>uodo</strong></span> <span class='ocrx_word' id='word_1_371' title='bbox 191 3359 357 3426; x_wconf 80' lang='lat' dir='ltr'><strong>conterendi,</strong></span> <span class='ocrx_word' id='word_1_372' title='bbox 376 3359 491 3412; x_wconf 77' lang='lat' dir='ltr'><strong>nocendi</strong></span> <span class='ocrx_word' id='word_1_373' title='bbox 503 3366 530 3410; x_wconf 88' lang='lat' dir='ltr'><strong>et</strong></span> <span class='ocrx_word' id='word_1_374' title='bbox 543 3355 658 3408; x_wconf 88' lang='lat' dir='ltr'><strong>iterandi</strong></span> <span class='ocrx_word' id='word_1_375' title='bbox 668 3354 733 3411; x_wconf 81' lang='lat' dir='ltr'><strong>sint.</strong></span> <span class='ocrx_word' id='word_1_376' title='bbox 770 3354 838 3406; x_wconf 81' lang='lat' dir='ltr'><strong>&#39;l&#39;um</strong></span> <span class='ocrx_word' id='word_1_377' title='bbox 857 3352 936 3404; x_wconf 86' lang='lat' dir='ltr'><strong>ctiam</strong></span> <span class='ocrx_word' id='word_1_378' title='bbox 953 3349 1064 3402; x_wconf 87' lang='lat' dir='ltr'><strong>celerius</strong></span> <span class='ocrx_word' id='word_1_379' title='bbox 1081 3366 1113 3401; x_wconf 93' lang='lat' dir='ltr'><strong>ac</strong></span> <span class='ocrx_word' id='word_1_380' title='bbox 1128 3348 1233 3401; x_wconf 80' lang='lat' dir='ltr'><strong>felicius</strong></span> 
     </span>
    </p>
   </div>
   <div class='ocr_carea' id='block_1_9' title="bbox 14 3417 1234 3497">
    <p class='ocr_par' dir='ltr' id='par_1_13' title="bbox 14 3417 1234 3497">
     <span class='ocr_line' id='line_1_40' title="bbox 14 3417 1234 3497; baseline -0.012 -13"><span class='ocrx_word' id='word_1_381' title='bbox 14 3478 15 3485; x_wconf 72' lang='grc'>,</span> <span class='ocrx_word' id='word_1_382' title='bbox 100 3431 219 3483; x_wconf 88' lang='lat' dir='ltr'><strong>omnibus</strong></span> <span class='ocrx_word' id='word_1_383' title='bbox 237 3430 265 3482; x_wconf 90' lang='lat' dir='ltr'><strong>in</strong></span> <span class='ocrx_word' id='word_1_384' title='bbox 285 3428 406 3497; x_wconf 85' lang='lat' dir='ltr'><strong>partibus</strong></span> <span class='ocrx_word' id='word_1_385' title='bbox 422 3425 595 3494; x_wconf 62' lang='lat' dir='ltr'><strong>antiquitatis</strong></span> <span class='ocrx_word' id='word_1_386' title='bbox 616 3423 766 3477; x_wconf 82' lang='lat' dir='ltr'><strong>studiorum</strong></span> <span class='ocrx_word' id='word_1_387' title='bbox 783 3439 831 3475; x_wconf 89' lang='lat' dir='ltr'><strong>uos</strong></span> <span class='ocrx_word' id='word_1_388' title='bbox 848 3418 1037 3487; x_wconf 83' lang='lat' dir='ltr'><strong>procedemus,</strong></span> <span class='ocrx_word' id='word_1_389' title='bbox 1063 3417 1163 3485; x_wconf 87' lang='lat' dir='ltr'><strong>quippe</strong></span> <span class='ocrx_word' id='word_1_390' title='bbox 1184 3418 1234 3483; x_wconf 90' lang='lat' dir='ltr'><strong>qui</strong></span> 
     </span>
    </p>
   </div>
   <div class='ocr_carea' id='block_1_10' title="bbox 99 3485 1231 3636">
    <p class='ocr_par' dir='ltr' id='par_1_14' title="bbox 99 3485 1231 3636">
     <span class='ocr_line' id='line_1_41' title="bbox 99 3485 1231 3620; baseline -0.012 -69"><span class='ocrx_word' id='word_1_391' title='bbox 99 3517 187 3620; x_wconf 64' lang='lat' dir='ltr'><strong>penes</strong></span> <span class='ocrx_word' id='word_1_392' title='bbox 206 3516 255 3551; x_wconf 89' lang='lat' dir='ltr'><strong>uos</strong></span> <span class='ocrx_word' id='word_1_393' title='bbox 273 3497 360 3551; x_wconf 90' lang='lat' dir='ltr'><strong>edocti</strong></span> <span class='ocrx_word' id='word_1_394' title='bbox 379 3496 638 3567; x_wconf 68' lang='lat' dir='ltr'><strong>primariostontes,</strong></span> <span class='ocrx_word' id='word_1_395' title='bbox 656 3491 768 3543; x_wconf 88' lang='lat' dir='ltr'><strong>omnium</strong></span> <span class='ocrx_word' id='word_1_396' title='bbox 787 3498 840 3543; x_wconf 86' lang='lat' dir='ltr'><strong>tum</strong></span> <span class='ocrx_word' id='word_1_397' title='bbox 857 3491 884 3539; x_wconf 90' lang='lat' dir='ltr'><strong>in</strong></span> <span class='ocrx_word' id='word_1_398' title='bbox 903 3485 1125 3566; x_wconf 72' lang='lat' dir='ltr'><strong>disputationibus</strong></span> <span class='ocrx_word' id='word_1_399' title='bbox 1142 3487 1231 3551; x_wconf 87' lang='lat' dir='ltr'><strong>quot-i-</strong></span> 
     </span>
     <span class='ocr_line' id='line_1_42' title="bbox 114 3553 1231 3636; baseline -0.013 -17"><span class='ocrx_word' id='word_1_400' title='bbox 114 3586 140 3620; x_wconf 89' lang='lat' dir='ltr'><strong>re</strong></span> <span class='ocrx_word' id='word_1_401' title='bbox 159 3568 296 3636; x_wconf 72' lang='lat' dir='ltr'><strong>agitatos,</strong></span> <span class='ocrx_word' id='word_1_402' title='bbox 314 3583 347 3618; x_wconf 84' lang='lat' dir='ltr'><strong>ac</strong></span> <span class='ocrx_word' id='word_1_403' title='bbox 358 3564 513 3636; x_wconf 78' lang='lat' dir='ltr'><strong>sperandum</strong></span> <span class='ocrx_word' id='word_1_404' title='bbox 531 3567 589 3626; x_wconf 87' lang='lat' dir='ltr'><strong>cst,</strong></span> <span class='ocrx_word' id='word_1_405' title='bbox 607 3562 665 3612; x_wconf 82' lang='lat' dir='ltr'><strong>iore</strong></span> <span class='ocrx_word' id='word_1_406' title='bbox 684 3568 755 3627; x_wconf 90' lang='lat' dir='ltr'><strong>tum,</strong></span> <span class='ocrx_word' id='word_1_407' title='bbox 773 3565 814 3620; x_wconf 86' lang='lat' dir='ltr'><strong>ut,</strong></span> <span class='ocrx_word' id='word_1_408' title='bbox 832 3555 1008 3610; x_wconf 77' lang='lat' dir='ltr'><strong>fundamentis</strong></span> <span class='ocrx_word' id='word_1_409' title='bbox 1026 3553 1129 3604; x_wconf 80' lang='lat' dir='ltr'><strong>firmius</strong></span> <span class='ocrx_word' id='word_1_410' title='bbox 1141 3553 1231 3620; x_wconf 87' lang='lat' dir='ltr'><strong>jactis,</strong></span> 
     </span>
    </p>
   </div>
   <div class='ocr_carea' id='block_1_11' title="bbox 14 3621 1231 3775">
    <p class='ocr_par' dir='ltr' id='par_1_15' title="bbox 14 3621 1231 3775">
     <span class='ocr_line' id='line_1_43' title="bbox 14 3621 1230 3705; baseline -0.011 -18"><span class='ocrx_word' id='word_1_411' title='bbox 14 3668 15 3687; x_wconf 56' lang='grc' dir='ltr'>ι</span> <span class='ocrx_word' id='word_1_412' title='bbox 100 3636 225 3690; x_wconf 87' lang='lat' dir='ltr'><strong>altissima</strong></span> <span class='ocrx_word' id='word_1_413' title='bbox 251 3651 372 3705; x_wconf 88' lang='lat' dir='ltr'><strong>quaeque</strong></span> <span class='ocrx_word' id='word_1_414' title='bbox 394 3635 459 3686; x_wconf 84' lang='lat' dir='ltr'><strong>haec</strong></span> <span class='ocrx_word' id='word_1_415' title='bbox 484 3638 574 3685; x_wconf 86' lang='lat' dir='ltr'><strong>nostre</strong></span> <span class='ocrx_word' id='word_1_416' title='bbox 595 3628 683 3682; x_wconf 88' lang='lat' dir='ltr'><strong>studia</strong></span> <span class='ocrx_word' id='word_1_417' title='bbox 702 3634 846 3697; x_wconf 81' lang='lat' dir='ltr'><strong>appetent,</strong></span> <span class='ocrx_word' id='word_1_418' title='bbox 871 3625 1047 3691; x_wconf 87' lang='lat' dir='ltr'><strong>majoremque</strong></span> <span class='ocrx_word' id='word_1_419' title='bbox 1068 3621 1097 3673; x_wconf 86' lang='lat' dir='ltr'><strong>ia</strong></span> <span class='ocrx_word' id='word_1_420' title='bbox 1119 3621 1230 3688; x_wconf 85' lang='lat' dir='ltr'><strong>glorium</strong></span> 
     </span>
     <span class='ocr_line' id='line_1_44' title="bbox 14 3691 1231 3775; baseline -0.016 -15"><span class='ocrx_word' id='word_1_421' title='bbox 14 3708 16 3755; x_wconf 72' lang='grc' dir='ltr'>ἰ</span> <span class='ocrx_word' id='word_1_422' title='bbox 99 3706 274 3775; x_wconf 85' lang='lat' dir='ltr'><strong>laudemque,</strong></span> <span class='ocrx_word' id='word_1_423' title='bbox 300 3721 370 3756; x_wconf 91' lang='lat' dir='ltr'><strong>nunc</strong></span> <span class='ocrx_word' id='word_1_424' title='bbox 389 3703 493 3772; x_wconf 85' lang='lat' dir='ltr'><strong>quidem</strong></span> <span class='ocrx_word' id='word_1_425' title='bbox 519 3701 547 3752; x_wconf 91' lang='lat' dir='ltr'><strong>in</strong></span> <span class='ocrx_word' id='word_1_426' title='bbox 570 3699 626 3751; x_wconf 88' lang='lat' dir='ltr'><strong>dies</strong></span> <span class='ocrx_word' id='word_1_427' title='bbox 649 3697 733 3765; x_wconf 76' lang='lat' dir='ltr'><strong>magis</strong></span> <span class='ocrx_word' id='word_1_428' title='bbox 751 3698 786 3749; x_wconf 90' lang='lat' dir='ltr'><strong>iis</strong></span> <span class='ocrx_word' id='word_1_429' title='bbox 801 3694 930 3747; x_wconf 83' lang='lat' dir='ltr'><strong>immerito</strong></span> <span class='ocrx_word' id='word_1_430' title='bbox 951 3699 1088 3759; x_wconf 85' lang='lat' dir='ltr'><strong>negatum,</strong></span> <span class='ocrx_word' id='word_1_431' title='bbox 1112 3691 1231 3746; x_wconf 80' lang='lat' dir='ltr'><strong>veniant.</strong></span> 
     </span>
    </p>
   </div>
   <div class='ocr_carea' id='block_1_12' title="bbox 14 3954 16 4007">
    <p class='ocr_par' dir='ltr' id='par_1_16' title="bbox 14 3954 16 4007">
     <span class='ocr_line' id='line_1_45' title="bbox 14 3954 16 4007; baseline 0 0"><span class='ocrx_word' id='word_1_432' title='bbox 14 3954 16 4007; x_wconf 86' lang='lat' dir='ltr'><strong>l</strong></span> 
     </span>
    </p>
   </div>
   <div class='ocr_carea' id='block_1_13' title="bbox 97 3759 1231 4052">
    <p class='ocr_par' dir='ltr' id='par_1_17' title="bbox 97 3759 1231 4052">
     <span class='ocr_line' id='line_1_46' title="bbox 99 3759 1231 3845; baseline -0.017 -16"><span class='ocrx_word' id='word_1_433' title='bbox 99 3778 176 3845; x_wconf 76' lang='lat' dir='ltr'><strong>Atqui</strong></span> <span class='ocrx_word' id='word_1_434' title='bbox 195 3774 389 3843; x_wconf 87' lang='lat' dir='ltr'><strong>inscriptiones</strong></span> <span class='ocrx_word' id='word_1_435' title='bbox 406 3778 524 3825; x_wconf 86' lang='lat' dir='ltr'><strong>veterum</strong></span> <span class='ocrx_word' id='word_1_436' title='bbox 541 3785 629 3821; x_wconf 86' lang='lat' dir='ltr'><strong>nonne</strong></span> <span class='ocrx_word' id='word_1_437' title='bbox 645 3769 715 3820; x_wconf 88' lang='lat' dir='ltr'><strong>siout</strong></span> <span class='ocrx_word' id='word_1_438' title='bbox 732 3767 859 3818; x_wconf 85' lang='lat' dir='ltr'><strong>inventae</strong></span> <span class='ocrx_word' id='word_1_439' title='bbox 872 3770 935 3815; x_wconf 88' lang='lat' dir='ltr'><strong>sunt</strong></span> <span class='ocrx_word' id='word_1_440' title='bbox 943 3761 1018 3829; x_wconf 85' lang='lat' dir='ltr'><strong>typis</strong></span> <span class='ocrx_word' id='word_1_441' title='bbox 1044 3759 1231 3812; x_wconf 88' lang='lat' dir='ltr'><strong>describendas</strong></span> 
     </span>
     <span class='ocr_line' id='line_1_47' title="bbox 99 3828 1230 3904; baseline -0.02 -4"><span class='ocrx_word' id='word_1_442' title='bbox 99 3851 225 3899; x_wconf 74' lang='lat' dir='ltr'><strong>cunruut</strong></span> <span class='ocrx_word' id='word_1_443' title='bbox 238 3861 274 3896; x_wconf 81' lang='lat' dir='ltr'><strong>ac</strong></span> <span class='ocrx_word' id='word_1_444' title='bbox 293 3842 410 3895; x_wconf 73' lang='lat' dir='ltr'><strong>curant?</strong></span> <span class='ocrx_word' id='word_1_445' title='bbox 445 3843 542 3894; x_wconf 87' lang='lat' dir='ltr'><strong>Nonne</strong></span> <span class='ocrx_word' id='word_1_446' title='bbox 559 3836 606 3891; x_wconf 88' lang='lat' dir='ltr'><strong>ulii</strong></span> <span class='ocrx_word' id='word_1_447' title='bbox 623 3835 730 3904; x_wconf 90' lang='lat' dir='ltr'><strong>quidam</strong></span> <span class='ocrx_word' id='word_1_448' title='bbox 749 3833 853 3887; x_wconf 90' lang='lat' dir='ltr'><strong>codices</strong></span> <span class='ocrx_word' id='word_1_449' title='bbox 867 3832 933 3886; x_wconf 82' lang='lat' dir='ltr'><strong>lllss.</strong></span> <span class='ocrx_word' id='word_1_450' title='bbox 954 3828 1040 3897; x_wconf 84' lang='lat' dir='ltr'><strong>paullo</strong></span> <span class='ocrx_word' id='word_1_451' title='bbox 1059 3837 1121 3896; x_wconf 89' lang='lat' dir='ltr'><strong>post</strong></span> <span class='ocrx_word' id='word_1_452' title='bbox 1138 3828 1230 3879; x_wconf 89' lang='lat' dir='ltr'><strong>iuven-</strong></span> 
     </span>
     <span class='ocr_line' id='line_1_48' title="bbox 99 3895 1231 3985; baseline -0.019 -16"><span class='ocrx_word' id='word_1_453' title='bbox 99 3921 148 3969; x_wconf 78' lang='lat' dir='ltr'><strong>tam</strong></span> <span class='ocrx_word' id='word_1_454' title='bbox 163 3911 387 3985; x_wconf 85' lang='lat' dir='ltr'><strong>typographicam</strong></span> <span class='ocrx_word' id='word_1_455' title='bbox 411 3917 511 3977; x_wconf 85' lang='lat' dir='ltr'><strong>urtem,</strong></span> <span class='ocrx_word' id='word_1_456' title='bbox 534 3908 571 3961; x_wconf 88' lang='lat' dir='ltr'><strong>sic</strong></span> <span class='ocrx_word' id='word_1_457' title='bbox 594 3911 733 3970; x_wconf 79' lang='lat' dir='ltr'><strong>ulerunt,</strong></span> <span class='ocrx_word' id='word_1_458' title='bbox 758 3901 887 3969; x_wconf 70' lang='lat' dir='ltr'><strong>exscripti</strong></span> <span class='ocrx_word' id='word_1_459' title='bbox 910 3904 972 3951; x_wconf 81' lang='lat' dir='ltr'><strong>suut</strong></span> <span class='ocrx_word' id='word_1_460' title='bbox 994 3895 1082 3965; x_wconf 85' lang='lat' dir='ltr'><strong>typis,</strong></span> <span class='ocrx_word' id='word_1_461' title='bbox 1108 3901 1135 3946; x_wconf 89' lang='lat' dir='ltr'><strong>ut</strong></span> <span class='ocrx_word' id='word_1_462' title='bbox 1160 3896 1231 3948; x_wconf 90' lang='lat' dir='ltr'><strong>nulla</strong></span> 
     </span>
     <span class='ocr_line' id='line_1_49' title="bbox 97 3964 1231 4052; baseline -0.02 -15"><span class='ocrx_word' id='word_1_463' title='bbox 97 3984 166 4051; x_wconf 89' lang='lat' dir='ltr'><strong>justa</strong></span> <span class='ocrx_word' id='word_1_464' title='bbox 184 4000 305 4052; x_wconf 86' lang='lat' dir='ltr'><strong>veruque</strong></span> <span class='ocrx_word' id='word_1_465' title='bbox 323 3996 401 4034; x_wconf 87' lang='lat' dir='ltr'><strong>causa</strong></span> <span class='ocrx_word' id='word_1_466' title='bbox 419 3980 481 4032; x_wconf 88' lang='lat' dir='ltr'><strong>mibi</strong></span> <span class='ocrx_word' id='word_1_467' title='bbox 499 3976 603 4048; x_wconf 91' lang='lat' dir='ltr'><strong>quidem</strong></span> <span class='ocrx_word' id='word_1_468' title='bbox 622 3975 731 4026; x_wconf 84' lang='lat' dir='ltr'><strong>subesse</strong></span> <span class='ocrx_word' id='word_1_469' title='bbox 750 3972 880 4034; x_wconf 89' lang='lat' dir='ltr'><strong>videatur,</strong></span> <span class='ocrx_word' id='word_1_470' title='bbox 899 3986 946 4022; x_wconf 90' lang='lat' dir='ltr'><strong>cur</strong></span> <span class='ocrx_word' id='word_1_471' title='bbox 963 3968 1041 4019; x_wconf 85' lang='lat' dir='ltr'><strong>etiam</strong></span> <span class='ocrx_word' id='word_1_472' title='bbox 1059 3964 1118 4016; x_wconf 89' lang='lat' dir='ltr'><strong>aliis</strong></span> <span class='ocrx_word' id='word_1_473' title='bbox 1131 3965 1231 4017; x_wconf 89' lang='lat' dir='ltr'><strong>codici-</strong></span> 
     </span>
    </p>
   </div>
   <div class='ocr_carea' id='block_1_14' title="bbox 99 4034 1229 4178">
    <p class='ocr_par' dir='ltr' id='par_1_18' title="bbox 99 4034 1229 4178">
     <span class='ocr_line' id='line_1_50' title="bbox 99 4034 1229 4121; baseline -0.019 -16"><span class='ocrx_word' id='word_1_474' title='bbox 99 4054 144 4105; x_wconf 91' lang='lat' dir='ltr'><strong>bus</strong></span> <span class='ocrx_word' id='word_1_475' title='bbox 162 4054 262 4121; x_wconf 87' lang='lat' dir='ltr'><strong>majore</strong></span> <span class='ocrx_word' id='word_1_476' title='bbox 276 4066 341 4103; x_wconf 77' lang='lat' dir='ltr'><strong>cum</strong></span> <span class='ocrx_word' id='word_1_477' title='bbox 359 4049 516 4111; x_wconf 83' lang='lat' dir='ltr'><strong>detrimento</strong></span> <span class='ocrx_word' id='word_1_478' title='bbox 539 4046 566 4097; x_wconf 92' lang='lat' dir='ltr'><strong>id</strong></span> <span class='ocrx_word' id='word_1_479' title='bbox 592 4042 749 4097; x_wconf 80' lang='lat' dir='ltr'><strong>beneficium</strong></span> <span class='ocrx_word' id='word_1_480' title='bbox 774 4044 937 4108; x_wconf 79' lang='lat' dir='ltr'><strong>denegetur,</strong></span> <span class='ocrx_word' id='word_1_481' title='bbox 969 4034 1124 4115; x_wconf 67' lang='lat' dir='ltr'><strong>praesertim</strong></span> <span class='ocrx_word' id='word_1_482' title='bbox 1151 4051 1229 4116; x_wconf 81' lang='lat' dir='ltr'><strong>quuru</strong></span> 
     </span>
     <span class='ocr_line' id='line_1_51' title="bbox 100 4104 1229 4178; baseline -0.017 -6"><span class='ocrx_word' id='word_1_483' title='bbox 100 4125 172 4178; x_wconf 83' lang='lat' dir='ltr'><strong>etiarn</strong></span> <span class='ocrx_word' id='word_1_484' title='bbox 190 4122 236 4176; x_wconf 89' lang='lat' dir='ltr'><strong>alii</strong></span> <span class='ocrx_word' id='word_1_485' title='bbox 256 4122 299 4173; x_wconf 87' lang='lat' dir='ltr'><strong>his</strong></span> <span class='ocrx_word' id='word_1_486' title='bbox 317 4120 345 4172; x_wconf 92' lang='lat' dir='ltr'><strong>in</strong></span> <span class='ocrx_word' id='word_1_487' title='bbox 363 4118 456 4170; x_wconf 90' lang='lat' dir='ltr'><strong>studiis</strong></span> <span class='ocrx_word' id='word_1_488' title='bbox 474 4131 588 4170; x_wconf 78' lang='lat' dir='ltr'><strong>summus</strong></span> <span class='ocrx_word' id='word_1_489' title='bbox 606 4110 773 4165; x_wconf 86' lang='lat' dir='ltr'><strong>auctoritatis</strong></span> <span class='ocrx_word' id='word_1_490' title='bbox 791 4109 843 4160; x_wconf 87' lang='lat' dir='ltr'><strong>viri</strong></span> <span class='ocrx_word' id='word_1_491' title='bbox 861 4108 957 4159; x_wconf 85' lang='lat' dir='ltr'><strong>nostris</strong></span> <span class='ocrx_word' id='word_1_492' title='bbox 975 4104 1135 4170; x_wconf 81' lang='lat' dir='ltr'><strong>temporibus</strong></span> <span class='ocrx_word' id='word_1_493' title='bbox 1153 4119 1179 4152; x_wconf 82' lang='lat' dir='ltr'><strong>tn</strong></span> <span class='ocrx_word' id='word_1_494' title='bbox 1199 4104 1229 4153; x_wconf 80' lang='lat' dir='ltr'><strong>lr-</strong></span> 
     </span>
    </p>
   </div>
   <div class='ocr_carea' id='block_1_15' title="bbox 14 4171 1230 4339">
    <p class='ocr_par' dir='ltr' id='par_1_19' title="bbox 14 4171 1230 4339">
     <span class='ocr_line' id='line_1_52' title="bbox 14 4171 1230 4253; baseline -0.02 -7"><span class='ocrx_word' id='word_1_495' title='bbox 14 4226 15 4235; x_wconf 58' lang='lat'><strong>,</strong></span> <span class='ocrx_word' id='word_1_496' title='bbox 99 4193 151 4246; x_wconf 86' lang='lat' dir='ltr'><strong>bris</strong></span> <span class='ocrx_word' id='word_1_497' title='bbox 169 4200 292 4247; x_wconf 86' lang='lat' dir='ltr'><strong>veterum</strong></span> <span class='ocrx_word' id='word_1_498' title='bbox 319 4206 336 4240; x_wconf 87' lang='lat' dir='ltr'><strong>a</strong></span> <span class='ocrx_word' id='word_1_499' title='bbox 356 4186 492 4239; x_wconf 84' lang='lat' dir='ltr'><strong>codicibus</strong></span> <span class='ocrx_word' id='word_1_500' title='bbox 511 4185 577 4239; x_wconf 81' lang='lat' dir='ltr'><strong>Mes.</strong></span> <span class='ocrx_word' id='word_1_501' title='bbox 604 4182 713 4252; x_wconf 87' lang='lat' dir='ltr'><strong>primurn</strong></span> <span class='ocrx_word' id='word_1_502' title='bbox 738 4177 846 4232; x_wconf 87' lang='lat' dir='ltr'><strong>edendis</strong></span> <span class='ocrx_word' id='word_1_503' title='bbox 869 4177 968 4229; x_wconf 87' lang='lat' dir='ltr'><strong>versati</strong></span> <span class='ocrx_word' id='word_1_504' title='bbox 988 4171 1230 4253; x_wconf 70' lang='lat' dir='ltr'><strong>quaunuetissiue</strong></span> 
     </span>
     <span class='ocr_line' id='line_1_53' title="bbox 14 4246 1111 4339; baseline -0.023 -20"><span class='ocrx_word' id='word_1_505' title='bbox 14 4258 15 4263; x_wconf 32' lang='lat'>¹</span> <span class='ocrx_word' id='word_1_506' title='bbox 100 4262 178 4330; x_wconf 87' lang='lat' dir='ltr'><strong>prima</strong></span> <span class='ocrx_word' id='word_1_507' title='bbox 196 4262 225 4315; x_wconf 93' lang='lat' dir='ltr'><strong>in</strong></span> <span class='ocrx_word' id='word_1_508' title='bbox 246 4257 367 4314; x_wconf 86' lang='lat' dir='ltr'><strong>editione</strong></span> <span class='ocrx_word' id='word_1_509' title='bbox 385 4255 503 4308; x_wconf 89' lang='lat' dir='ltr'><strong>codicum</strong></span> <span class='ocrx_word' id='word_1_510' title='bbox 522 4251 679 4339; x_wconf 85' lang='lat' dir='ltr'><strong>scripturum</strong></span> <span class='ocrx_word' id='word_1_511' title='bbox 698 4248 858 4302; x_wconf 87' lang='lat' dir='ltr'><strong>reddendam</strong></span> <span class='ocrx_word' id='word_1_512' title='bbox 876 4263 934 4298; x_wconf 87' lang='lat' dir='ltr'><strong>esse</strong></span> <span class='ocrx_word' id='word_1_513' title='bbox 952 4246 1111 4295; x_wconf 79' lang='lat' dir='ltr'><strong>censuerint.</strong></span> 
     </span>
    </p>
   </div>
   <div class='ocr_carea' id='block_1_16' title="bbox 0 0 1476 4900">
    <p class='ocr_par' dir='ltr' id='par_1_20' title="bbox 0 0 1476 4900">
     <span class='ocr_line' id='line_1_54' title="bbox 0 0 1476 4900; baseline 0 0"><span class='ocrx_word' id='word_1_514' title='bbox 0 0 1476 4900; x_wconf 95' lang='lat' dir='ltr'><strong> </strong></span> 
     </span>
    </p>
   </div>
  </div>
 </body>
</html>
