2942 4900
241 214 283 282 86
555 215 601 274 De
623 211 936 297 dialecto‘lderbdotea
957 212 1005 271 lib.
1028 213 1050 272 l.

239 387 337 466 potins
357 385 556 462 conjungenda
576 385 630 462 sit,
644 402 703 450 uon
719 401 782 441 cum
799 376 925 451 codron}
949 380 1027 457 qood
1047 397 1133 458 quum
1151 381 1213 440 lieri
1232 381 1292 440 lroc
1312 383 1376 442 loco

240 491 298 530 uon
315 490 403 549 posse
417 475 532 547 pateat,
561 470 590 526 in
610 468 722 544 vulgari
742 468 861 525 istorum
882 465 1033 524 verborum
1051 465 1238 525 collocatione
1257 468 1378 543 acquie-

241 556 376 613 scendum
393 553 728 628 cst,contirmataetia1n
744 550 876 627 Aeschyli
892 550 1013 628 quodam
1029 549 1103 624 lo'co,
1119 552 1167 628 qui
1182 558 1228 609 cst
1242 551 1377 630 Choeplu.

241 652 285 697 vs.
307 643 369 700 769.
392 639 610 718 attestantem
631 626 730 715 ὧνπερ
754 631 793 697 dv
815 634 888 721 μέλῃ
909 634 987 713 πέρι.
1013 667 1049 677 -
1076 635 1125 694 Vl.
1149 639 1202 695 109
1222 637 1377 695 ediderunt

242 723 333 810 §alst
357 722 394 794 al.
418 743 482 782 cum
502 725 535 780 S.
557 723 590 786 V.
612 722 685 794 baec
705 721 794 779 rerba
816 721 859 780 sic
879 720 1032 778 collocata:
1054 711 1157 797 ἡμέων
1179 722 1245 801 δίχα
1270 721 1378 804 flauv-

240 817 290 870 τάι
311 808 345 869 αἱ
365 813 495 889 γνῶμαι,
518 809 579 868 cciv
600 805 654 887 pto
672 799 856 868 κελευόντων
877 802 1068 887 συμβαλέειν,
1091 809 1152 867 cciv
1174 803 1206 867 ὄλ
1229 798 1266 866 ori
1291 824 1376 885 συμ-
1464 799 1465 814 ’

124 917 129 924 ‘
242 891 374 971 βαλέειν
418 894 471 951 Alii
493 891 574 970 (edd,
595 897 664 954 vett.
684 888 790 965 aeut.)
811 889 984 952 cum-codd.
1006 888 1041 946 F.
1065 889 1092 947 b.
1114 894 1176 951 cciv
1197 887 1250 967 μὲν
1275 897 1385 953 aeteae
1464 877 1465 952 }

242 972 348 1051 όντων,
378 980 438 1039 τῶν
458 976 489 1039 δὲ
510 972 549 1037 οὕ
567 974 762 1058 συμβαλέειν,
792 975 844 1033 sed
866 992 903 1031 ue
924 975 966 1031 sic
988 974 1103 1051 quidem
1124 981 1202 1033 recte
1224 986 1377 1053 sumt-po·

239 1064 312 1132 sita}
342 1081 428 1137 quum
454 1062 530 1128 cuim
557 1062 739 1138 negationem
763 1053 821 1134 οὕ,
847 1063 933 1115 acuto
963 1064 1110 1133 notatam,
1138 1065 1168 1117 et
1198 1058 1320 1117 aliorum
1350 1066 1381 1119 ct
1463 1065 1465 1090 ¹

240 1147 331 1224 ipsius
352 1144 494 1206 Herodoti
519 1146 615 1203 multis
642 1143 778 1221 exemplis
805 1141 995 1204 demonstrari
1021 1144 1115 1222 possit
1141 1144 1171 1201 iu
1198 1143 1256 1202 line
1283 1145 1378 1218 tutius
1464 1173 1465 1176 ¹

241 1232 380 1289 enuntiati
401 1232 565 1312 ponendam
589 1248 672 1303 esse,
703 1227 773 1288 nibil
798 1226 965 1304 relinquitur
993 1226 1087 1302 dubii,
1114 1229 1184 1305 quin
1212 1228 1258 1287 bic
1286 1248 1378 1289 ame

241 1316 408 1393 propositus
429 1311 581 1373 verborum
604 1315 677 1372 ordo
697 1312 778 1372 solus
798 1312 836 1369 sit
856 1313 1014 1386 genuinus:
1037 1315 1096 1374 cciv
1117 1311 1170 1390 μὲν
1188 1307 1377 1377 κελευόντων

242 1402 426 1480 συμβαλεῖν,
448 1404 511 1460 τῶν
530 1397 563 1477 δὲ
579 1391 634 1463 bii.
657 1391 697 1475 ἢν
717 1395 771 1476 μέν
793 1418 852 1458 νυν
869 1420 899 1458 ιι.
920 1419 944 1458 ι.
966 1400 992 1457 λ.

325 1483 422 1552 Quum
443 1484 530 1559 igitur
552 1482 726 1557 viderimus,
752 1486 811 1539 tarn
833 1480 934 1539 multas
958 1480 1046 1538 luisse
1069 1498 1188 1553 causas,
1214 1502 1250 1541 cx
1271 1482 1377 1560 quihus

241 1576 299 1628 tam
321 1568 482 1630 deformata
503 1568 672 1627 Herodotea
694 1565 786 1625 oratio
807 1564 968 1638 exsisteret,
990 1583 1084 1642 neque
1104 1566 1219 1625 omnino
1239 1567 1377 1627 vere-Fr.

241 1653 278 1711 A.
294 1652 425 1711 Wollium
445 1652 595 1728 (Prolcgg.
616 1672 645 1731 p.
664 1650 718 1727 vl)
739 1648 794 1708 sibi
813 1649 1050 1710 animadvertisse
1070 1650 1160 1707 visum
1179 1670 1246 1710 esse
1262 1657 1378 1731 pateat,

173 1773 179 1784 .
241 1755 324 1813 quam
353 1756 445 1816 prope
458 1755 607 1813 germano
635 1734 721 1794 nitori
748 1733 878 1793 'redditos
902 1734 1072 1794 haberemus
1101 1734 1242 1794 Herodoti
1273 1737 1379 1811 libros,

240 1822 336 1882 statim
351 1822 481 1899 quaestio
496 1822 639 1881 exoriatur
653 1838 774 1880 necesse
785 1826 840 1895 est,
855 1839 929 1897 quae
944 1818 989 1877 ria
1003 1838 1134 1895 quaeque
1146 1820 1217 1878 ratio
1233 1820 1319 1879 nobis
1337 1821 1382 1878 sit

240 1907 440 1983 ingredienda,
458 1912 490 1964 nt
509 1905 558 1964 illa
579 1923 665 1981 quam
681 1903 801 1966 maxime
822 1906 945 1980 genuina
962 1904 1130 1979 sinceraque
1145 1904 1290 1965 reddatur.
1336 1905 1381 1963 Et

241 1990 318 2050 dicat
338 1992 459 2068 aliquis,
480 1991 568 2049 libros
590 1991 628 2069 de
647 1989 778 2048 dialectis
800 1990 992 2066 compositos,
1015 2007 1032 2046 a
1053 1988 1257 2046 recentioribus
1279 1987 1379 2048 doctis

239 2076 309 2134 viris
328 2076 483 2135 utilissimis
502 2074 735 2135 adnotationibus
756 2073 929 2147 illustratos,
955 2074 1071 2131 multum
1088 2073 1187 2136 -nobis
1203 2092 1293 2151 posse
1320 2074 1380 2133 lroc

240 2162 269 2219 in
292 2162 410 2237 negotio
436 2161 595 2238 prodassc3
622 2175 656 2216 ac
683 2175 784 2216 revera
805 2157 900 2233 aliqua
921 2163 1061 2235 exparte
1080 2163 1216 2238 prosunt,
1238 2158 1379 2236 inprimis

241 2242 444 2306 Schacferiana
464 2242 515 2304 illa
532 2242 666 2319 Gregorii
682 2241 823 2301 Corinthii
843 2240 905 2300 libri
927 2243 964 2300 dc
983 2243 1104 2306 Graecis
1126 2243 1257 2302 dialectis
1274 2242 1379 2318 editio,

240 2328 581 2404 multisffdoctissimisquc
598 2328 735 2386 instructa
749 2328 968 2388 commentariis.
1009 2327 1069 2385 Sed
1090 2327 1202 2386 bilibri
1224 2343 1380 2388 recensum

240 2416 349 2472 tanturn
371 2413 480 2491 aliquot
500 2414 653 2472 formarum
675 2412 866 2474 dictionumve
887 2431 921 2472 ex
947 2429 1061 2490 quaque
1079 2412 1204 2472 dialecto
1225 2418 1378 2493 exempta-

241 2516 302 2557 rum
324 2498 475 2576 exhibent,
501 2516 596 2576 neque
622 2496 919 2577 cum-plenissimum,
947 2514 1041 2574 neque
1062 2499 1137 2575 satis
1154 2498 1377 2576 distinguentem

240 2584 317 2642 inter
336 2584 414 2642 varia
433 2586 569 2662 cujusque
587 2583 704 2644 dialecti
724 2600 832 2661 genera
855 2587 886 2640 et
906 2583 1088 2661 scriptorum,
1109 2584 1157 2659 qui
1174 2583 1209 2642 iis
1230 2584 1276 2643 nsi
1300 2591 1378 2648 suut.

123 2714 125 2723 ,
169 2698 190 2713 =
240 2668 305 2728 Nec
329 2688 416 2741 vero,
438 2669 549 2730 etiamsi
570 2668 682 2746 singula
704 2685 854 2746 quaeque,
876 2684 950 2744 qnae
970 2666 1007 2724 ab
1029 2667 1301 2745 aliis·scriptoribus
1321 2668 1380 2727 ulia

242 2754 393 2812 occasione
414 2756 450 2813 ad
471 2754 544 2812 hanc
565 2773 624 2814 rein
647 2756 821 2832 pertinentia
841 2752 956 2811 tradita
968 2758 1053 2826 sunt,
1079 2751 1297 2828 diligentissime
1318 2753 1382 2811 col-

241 2838 314 2896 lecta
335 2840 547 2913 addiderimus,
575 2840 672 2909 etita
693 2838 787 2897 omnia
808 2838 910 2914 cuique
932 2835 1053 2899 dialecto
1075 2838 1226 2915 peculiaria
1241 2839 1270 2894 iu
1293 2856 1379 2897 unum

241 2932 425 3001 conspectam
452 2925 645 3000 coegerimus,
673 2921 704 2982 id
730 2924 808 2998 quod
829 2922 995 2980 novissimis
1013 2922 1190 3001 tenporibus
1211 2920 1328 2981 Giesius
1350 2928 1380 2981 et

242 3006 355 3065 Absens
375 3008 542 3065 doctissime
565 3009 661 3066 facere
680 3002 901 3086 inceperunt*),
932 3026 1037 3083 magno
1056 3026 1120 3065 cum
1143 3009 1241 3065 secretu
1264 3007 1294 3064 iu
1314 3013 1383 3067 arta

242 3091 358 3165 critica,
380 3090 513 3153 adhunc
534 3090 580 3150 vel
600 3090 678 3150 illurn
698 3091 868 3170 scriptorem
888 3092 1067 3168 adhibenda,
1088 3092 1248 3169 procedere
1263 3092 1381 3168 poteri-

242 3193 316 3249 mus,
336 3175 389 3236 nisi
409 3176 569 3236 accuratius
586 3177 615 3234 in
632 3175 714 3251 hujus
735 3176 829 3251 unius,
850 3194 935 3253 qoem
955 3181 1121 3251 tractamus,
1142 3177 1290 3254 scriptoris
1309 3195 1381 3253 pro·

241 3260 332 3337 priam
352 3260 506 3319 dictionem
527 3260 731 3339 propriumque
751 3271 833 3319 usum
855 3261 1040 3337 inquiramus.
1083 3262 1189 3338 Neque
1210 3260 1287 3319 enim
1307 3261 1381 3318 mul·

242 3351 301 3402 tum
323 3345 456 3421 adjuvat,
476 3364 562 3422 quum
583 3346 693 3405 formae
710 3347 851 3421 quaedam
872 3344 917 3403 rel
935 3346 1074 3405 dictiones
1096 3348 1247 3404 tradantur
1264 3345 1381 3405 lonicae

242 3448 319 3504 csse,
342 3448 399 3506 qua
420 3429 457 3487 de
479 3449 511 3488 rc
528 3430 696 3509 plerumque
718 3429 795 3489 nulla
815 3437 861 3490 est
881 3429 1034 3506 dubitatio,
1055 3431 1081 3488 si
1101 3430 1265 3507 ignoramus
1285 3436 1382 3489 utrum

241 3515 427 3573 Herodoteac
444 3514 510 3573 illac
530 3516 589 3573 sint
603 3534 639 3573 an
657 3515 728 3573 alius
741 3515 831 3574 lonici
849 3515 1014 3593 scriptoris3
1033 3516 1058 3572 si
1072 3516 1247 3594 ignoramus,
1267 3515 1382 3575 eus-d

200 3596 204 3600 ⁴
242 3604 355 3658 constet
376 3600 555 3657 Herodotum
583 3619 632 3657 eas
654 3616 824 3678 usurpasse,
849 3606 942 3657 utrum
965 3616 1079 3677 semper
1103 3600 1140 3658 iis
1163 3620 1234 3659 usus
1258 3600 1328 3675 sit,
1344 3619 1382 3661 au

243 3683 305 3741 aliis
328 3684 357 3739 in
378 3683 450 3740 locis
471 3684 527 3742 alia
541 3684 696 3742 admiserit.
718 3722 720 3727 -
739 3682 948 3751 Quarerursos
962 3686 1002 3743 ad
1018 3690 1135 3747 nostros
1147 3685 1382 3761 corruptissimos
1405 3722 1409 3733 ·

242 3766 360 3826 codices
381 3764 453 3824 Mss.
482 3769 566 3826 uobis
588 3767 810 3843 confugiendum
832 3774 885 3827 est.
928 3769 988 3827 Sed
1009 3768 1076 3842 hi,¹
1086 3788 1256 3846 quamquam
1269 3771 1383 3833 nullius

243 3850 338 3910 adbuc
359 3852 466 3910 codicis
486 3859 647 3911 accuratam
667 3846 902 3929 constantemque
915 3852 1054 3913 babemus
1067 3854 1260 3930 collationem,
1279 3874 1320 3915 ne
1332 3872 1384 3915 eo·

250 3994 451 4004 m...—

300 4089 347 4152 -*)
376 4086 413 4139 aa
429 4085 516 4138 Giasii
540 4083 645 4153 quidem
671 4084 740 4138 liber
769 4086 802 4143 da
826 4086 939 4140 dialecto
963 4086 1070 4139 Aeolica
1094 4086 1261 4155 conscriptus
1284 4086 1314 4139 iu
1335 4087 1391 4141 huc

245 4153 304 4221 ipsa
323 4154 444 4215 dialecto,
460 4153 597 4207 tractanda
620 4154 757 4222 constitit,
782 4155 845 4224 quia
861 4164 955 4209 auctor
970 4163 1138 4224 praematura
1155 4162 1238 4209 morte
1255 4156 1387 4227 abreptus

245 4228 306 4286 cst;
332 4223 440 4277 alterins
460 4229 545 4276 autern
564 4222 643 4276 ctiam
663 4221 772 4275 alterum
793 4224 912 4277 volumen
932 4224 965 4276 de
983 4224 1094 4277 dialecto
1112 4226 1211 4278 Dorica
1235 4240 1323 4294 nuper
1346 4231 1389 4280 est

247 4288 360 4356 aditum,
377 4293 446 4361 quod
468 4292 572 4361 quidem
591 4299 620 4345 ut
637 4292 816 4347 nanciscerern
834 4293 948 4346 nondum
965 4295 1028 4347 mibi
1047 4294 1172 4363 contigit.
