2942 4900
160 136 164 143 ⁸
231 166 295 243 ’τοο
560 176 607 237 ο.
628 166 927 237 dinumerantes
946 169 996 236 n.
1012 170 1060 232 ιτ.

231 348 308 426 opud
327 339 461 407 'nostrum
483 350 514 404 et
537 345 564 403 iu
587 344 666 404 Suid.
696 341 778 401 lexic.
808 332 980 417 ἇλισμὲνοι,
1007 336 1066 401 atio
1083 335 1287 413 hujuscemodi.
1303 336 1369 397 sine

232 435 384 508 augmento
405 430 511 508 scripto
532 430 677 503 vidissem,
697 423 754 482 alia
776 429 872 483 sutem
889 428 1024 499 tempora
1043 421 1200 479 eorundem
1213 420 1368 480 verborum
1389 476 1395 485 ,

233 517 293 574 fere
323 519 488 572 constanter
510 512 591 570 initio
612 517 713 584 suda,
743 510 770 564 in
800 524 863 567 eam
889 507 994 563 deveni
1016 504 1196 581 opinionem,
1224 505 1253 562 in
1278 508 1367 563 certis

231 599 401 676 quibusdam
424 602 511 674 utque
533 594 671 672 imprimis
699 592 729 650 in
756 590 892 668 perfectis
920 589 1099 667 temporibus
1125 589 1197 646 banc
1218 592 1367 664 augmenti

233 683 414 741 omissionem
438 680 610 751 obtinuisse.
654 676 703 733 Sic
725 667 909 753 α’λισμένους
937 670 987 733 IV.
1017 679 1081 734 118.
1124 674 1310 736 συναλίσθαι
1329 674 1365 732 V.

234 773 276 825 15.
319 758 475 842 ἇλισμὲνοι
495 762 557 820 Vll.
577 765 637 821 172.
681 752 824 839 ἇλισμένη
844 758 905 824 VH.
921 763 980 816 200Ὶ
991 758 1074 836 (item
1094 758 1175 821 Suid.
1197 776 1272 819 m.
1290 754 1368 835 ὁτιή·

233 858 298 927 τοι)
326 849 430 924 ubique
455 848 517 906 sine
545 845 680 904 librorum
707 845 854 912 dissensu
883 859 948 900 nem
974 843 1054 920 quod
1079 841 1143 903 Vll.
1165 845 1218 900 172
1243 844 1307 901 eod.
1330 843 1366 901 F.

232 940 286 995 208
313 932 398 990 codd.
420 930 517 991 S..F.
545 933 576 991 in
596 922 791 1007 ἁλισκόμενοι
817 934 848 986 et
877 924 1057 1005 ἁλισκομένη
1078 926 1267 1000 oberrarunt,
1294 927 1365 1003 quid

232 1016 309 1076 uliud
328 1016 358 1072 id
375 1015 568 1089 demonstrat,
590 1033 674 1091 quarn
688 1013 781 1073 *etiem
803 1012 851 1070 iila
872 1011 910 1075 ab
933 1010 1091 1071 {inducta
1111 1010 1210 1071 titisse.
1254 1011 1367 1069 Contra
1461 1058 1462 1077 .

233 1095 398 1177 συνήλισαν
418 1101 441 1158 1.
469 1103 531 1160 176.
559 1099 758 1176 συνηλίζοντο
781 1097 803 1160 1.
822 1100 858 1155 62
879 1092 1107 1174 (σονηολλζοντο
1130 1092 1179 1169 Ρ.)
1200 1101 1231 1153 et
1251 1094 1291 1152 V.
1313 1101 1367 1154 102

233 1195 290 1247 torn
313 1189 391 1243 certa
411 1191 489 1258 suut,
512 1190 542 1240 ut
564 1203 647 1240 unum
664 1175 803 1243 συνάλισε
817 1178 842 1245 1,
855 1187 906 1239 126
927 1179 1112 1241 nullomodo
1131 1179 1283 1237 ferendum
1301 1196 1367 1239 esse

229 1270 365 1347 judicem,
388 1269 453 1325 sed'
462 1270 491 1327 in
514 1260 655 1339 συνήλισε
675 1266 839 1327 mutandum
847 1280 868 1332 ς,
878 1282 935 1340 qno
956 1265 1080 1321 sortasse
1101 1268 1131 1323 et
1143 1263 1252 1333 Snidne
1266 1262 1368 1338 glossa

234 1358 360 1431 spectat:
388 1347 493 1430 ήλισε·
517 1345 710 1435 συνήθροισε.
749 1380 787 1393 —-
824 1347 959 1416 Similiter
983 1347 1053 1406 dixit
1080 1354 1180 1406 noster
1200 1352 1367 1407 constanter

233 1432 405 1519 ἠγωνίσατο
426 1436 448 1492 1.
466 1440 509 1495 76.
530 1436 566 1498 V.
586 1440 647 1494 103.
668 1434 729 1494 VII.
745 1440 807 1497 212.
821 1437 885 1493 239.
926 1426 1108 1514 ἠγωνίζοντο
1129 1430 1274 1517 1711187.
1318 1430 1367 1493 ἐν·

171 1587 175 1595 ,
233 1521 394 1602 ηγωνλζετο
414 1519 465 1597 ru.
482 1525 527 1580 83.
571 1520 632 1581 Sed
656 1519 685 1576 in
706 1519 782 1596 perf.
806 1516 854 1574 IX.
878 1521 914 1576 26
934 1515 1134 1598 ἀγωνίδαται,
1157 1517 1310 1593 repetitum
1331 1534 1369 1579 cx

232 1604 375 1664 hocloco
397 1604 433 1662 nb
455 1602 595 1667 Ecstau
617 1603 649 1664 11.
674 1599 707 1684 β’
726 1623 755 1680 p.
776 1605 883 1662 177:
898 1605 958 1661 234.
992 1634 1036 1644 —
1066 1593 1322 1678 Λίσσοᾶμμένης
1341 1596 1367 1658 Ι.
1425 1599 1427 1601 ’

231 1695 279 1750 86.-
321 1686 485 1768 ἐπαμμέναι
513 1687 537 1745 Ι.
560 1692 612 1747 199
640 1688 696 1762 (sic
722 1687 831 1763 vulgat.
863 1703 927 1745 cum
947 1685 987 1748 Μ.
1011 1685 1047 1743 Ρ.
1068 1685 1108 1749 Κ.
1131 1684 1165 1745 F.
1186 1683 1280 1743 Paris.
1313 1682 1368 1746 λιτ-

233 1771 357 1855 αγμὲναι
382 1772 445 1831 Ald.
469 1772 529 1847 R).
581 1763 792 1850 ἆτοαμμὲνους
808 1769 845 1831 11.
873 1775 942 1846 121,
970 1774 996 1828 3.
1039 1767 1201 1848 ἐναμμένοι
1226 1768 1292 1826 Vll·
1320 1773 1368 1832 69.

226 1854 421 1937 ,λτταμμένους
436 1856 738 1933 Vss1;105‚.omnibus
755 1856 783 1914 iu
801 1853 890 1913 tibris-
901 1855 943 1913 sic
960 1872 1013 1931 per
1030 1851 1055 1919 a.
1070 1858 1237 1913 constanter
1258 1853 1369 1933 scripto

232 1956 316 2000 nemo
330 1937 414 2000 sedile
431 1941 565 2007 mutabit3
584 1960 756 2018 quemqnam
773 1956 831 1998 non
851 1937 944 2000 minus
962 1939 1087 1997 omnium
1106 1937 1246 1996 librorum
1264 1944 1369 1995 cunto-

234 2029 317 2087 ritote
345 2021 435 2105 ἔφθη
463 2035 493 2085 et
522 2021 625 2103 ἅψατο
654 2025 676 2086 1.
705 2030 748 2086 19.
793 2017 923 2087 ἅπτοντο
950 2027 980 2080 et
1009 2013 1197 2086 ἄντάιττοντο
1222 2022 1274 2080 111.
1302 2024 1367 2085 137.

234 2105 364 2180 ἅπτοντο
391 2110 425 2168 V.
446 2114 492 2168 18.
512 2113 601 2184 92,’3
621 2109 701 2186 (item
723 2109 829 2169 Thon.
849 2105 927 2183 Meg.
946 2126 976 2183 p.
993 2111 1062 2184 219,
1083 2114 1118 2167 12
1143 2102 1310 2185 Ἡρόδοτος
1329 2104 1368 2185 dr

230 2197 281 2336 u
298 2186 601 2337 enutio
622 2185 1368 2352 nuzuncurt>tenedus

144 2416 147 2428 ,
234 2297 351 2420 eltegrom
372 2366 482 2436 partem
503 2352 634 2438 ὖττήψαν
654 2359 677 2420 1.
694 2364 756 2424 176.
799 2362 937 2438 συνῆπτο
957 2358 1004 2417 Vl.
1025 2363 1069 2418 93.
1090 2358 1150 2423 VH.
1171 2366 1235 2436 158,
1254 2316 1368 2421 innuite

235 2463 298 2504 esse
321 2443 469 2514 videntum
490 2445 676 2521 nequeenim
697 2443 745 2503 itta
766 2463 859 2522 neque
882 2443 952 2503 hoec
973 2451 1083 2502 mittere
1102 2446 1253 2524 quisquam
1274 2445 1368 2504 ande-

234 2531 284 2589 bit.
312 2561 346 2573 -
372 2527 476 2588 Similis
497 2538 543 2588 est
560 2529 695 2588 librorum
716 2531 879 2589 constantio
897 2530 927 2586 iu
947 2530 1200 2590 serrendoforrna
1219 2523 1367 2611 ἀρτέοντο

233 2615 267 2672 V.
297 2621 359 2675 120.
402 2613 604 2694 τταραρτλοντο
629 2613 708 2674 Vlil.
737 2618 780 2673 76.
811 2620 871 2674 108.
914 2607 1030 2695 ἆρτέετο
1058 2613 1131 2672 Vltt
1159 2618 1210 2683 973
1249 2623 1281 2675 et
1309 2635 1367 2693 pro

234 2697 516 2843 ανον
543 2700 667 2846 un
846 2697 1365 2860 ν.ῖ·..ιιιιντνν

349 2833 355 2843 .
527 2809 542 2844 ἶ
668 2826 675 2841 ι
736 2830 745 2846 .
814 2827 822 2843 ι
883 2826 890 2839 ·
1172 2820 1184 2842 ο
1241 2826 1250 2841 ·
1353 2815 1370 2829 ¹·

234 2868 403 2949 ηρτημὲνον
426 2808 562 2931 111.ηὸρθ.η
576 2873 606 2926 et
633 2858 804 2947 ήρτημὲνας
828 2867 861 2923 V.
884 2871 928 2928 31.
957 2874 987 2924 et
1014 2806 1145 2943 ungogia
1172 2874 1201 2926 et
1227 2868 1369 2927 librorum

233 2970 376 3026 consensu
403 2951 440 3008 ab
471 2954 546 3009 omui
572 2954 694 3009 mendae
717 2952 884 3030 suspicione
909 2957 1057 3018 arcentur3
1088 2970 1177 3028 quare
1200 2952 1289 3012 etiem
1314 2952 1368 3012 VI.

234 3038 288 3094 109
315 3031 442 3112 ἤρτηται
471 3054 487 3091 e
516 3036 600 3094 codd.
622 3034 658 3094 F.
677 3054 703 3093 ο.
725 3033 754 3094 b.
774 3057 799 3094 c.
827 3054 884 3112 pro
901 3035 1018 3110 vulgato
1042 3054 1117 3093 nnnc
1137 3057 1201 3094 eoru
1222 3037 1310 3095 codd.
1331 3038 1367 3100 S.

235 3117 271 3175 V.
301 3113 427 3197 ἅρτηται
447 3119 624 3178 retinendum
653 3125 731 3195 erat,
760 3127 792 3178 ut
813 3120 837 3180 1.
861 3126 912 3179 125
933 3113 1072 3197 ήρτὲαται
1091 3140 1145 3197 pro
1167 3121 1286 3196 volgato
1309 3112 1368 3201 οἷρ-

233 3200 344 3277 τέαται,
365 3221 453 3278 quum
472 3204 633 3262 terminatio
649 3205 743 3262 lonico
764 3204 791 3261 in
814 3204 891 3277 ἧι,
912 3201 967 3268 ἆῖο
988 3223 1044 3264 uon
1060 3205 1154 3263 voleat
1170 3206 1367 3280 adaugmen-

232 3293 293 3349 tum
316 3288 500 3345 omittendum
522 3288 656 3353 cs‚'insra
677 3288 705 3345 in
725 3287 810 3363 hujus
826 3288 894 3348 iibri
917 3288 1011 3368 cupite
1029 3288 1067 3349 ss.
1090 3321 1129 3334 -—
1148 3289 1209 3347 Sed
1230 3282 1366 3372 οἷνᾶρτη·

233 3394 286 3449 μαι
306 3370 366 3429 VH.
387 3375 424 3447 8,
448 3375 466 3431 3
493 3374 535 3433 sic
557 3373 594 3431 ob
622 3371 753 3429 omnibus
777 3372 950 3446 exhibitum,
975 3371 1013 3432 ub
1034 3375 1097 3449 ipso
1120 3374 1272 3432 Herodoto
1294 3393 1366 3451 pro-

232 3456 338 3513 fectum
366 3473 430 3514 esse
454 3457 592 3534 conjicio,
620 3476 791 3534 quamquam
818 3455 930 3514 duobus
955 3456 1017 3517 aliis
1046 3458 1074 3514 in
1102 3456 1173 3516 iocis
1196 3459 1226 3514 in
1249 3459 1366 3517 diversa

232 3542 339 3598 abeunt
358 3539 421 3596 iibri
440 3542 640 3619 manuscripti,
672 3540 695 3598 1.
719 3545 756 3599 90
776 3534 986 3620 οἷναρτημὲυου
1008 3539 1041 3602 Ρ.
1063 3541 1101 3599 Κ.
1122 3541 1158 3605 F.
1180 3560 1207 3604 a.
1230 3561 1273 3616 c.‚
1301 3544 1365 3620 qoi-
1461 3583 1462 3602 ι

231 3623 286 3682 bur
307 3624 454 3683 codicibus
470 3646 535 3684 mea
556 3645 572 3684 e
596 3627 739 3684 sententia
758 3634 838 3685 recte
853 3626 982 3704 plerique
999 3627 1125 3688 editores
1137 3625 1269 3686 obsecuti
1284 3633 1365 3703 sunt,

232 3710 284 3765 red
307 3700 512 3787 οἷνηρτημένοο
540 3713 570 3770 S.
594 3709 674 3775 b.'d.
719 3710 767 3769 VI.
787 3716 823 3770 88
847 3704 1072 3813 οἰναρτημένους
1093 3710 1199 3785 vulget.
1230 3702 1364 3790 α’νηρτη-

230 3791 342 3872 μένους
364 3793 394 3853 S.
416 3791 449 3855 V.
473 3828 514 3838 -
532 3796 635 3855 Verum
658 3796 701 3853 his
722 3794 823 3856 similia
839 3796 928 3853 verbu
953 3790 1064 3876 αρτύω,
1087 3788 1362 3873 1ξαρτῦω,οἷρτλζω

230 3882 397 3936 constanter
416 3878 478 3935 sine
500 3881 636 3940 varietate
657 3880 738 3937 initio
760 3886 918 3954 nugentur:
946 3878 1138 3960 ἐξηρτυμένοι
1158 3878 1218 3940 Vll.
1241 3885 1304 3942 147.
1334 3879 1362 3939 1.

229 3966 273 4021 43.
296 3960 334 4019 11.
354 3965 399 4019 32.
443 3954 584 4042 ἐξήρτυτο
615 3966 639 4024 l.
661 3969 706 4023 61.
750 3957 885 4044 ἤρτυσαν
910 3963 933 4026 Ι.
962 3971 1005 4024 12.
1050 3959 1233 4042 κατήρτισαν
1260 3965 1295 4022 V.
1314 3969 1363 4023 28.

229 4050 273 4105 29.
337 4046 575 4126 ταρηρτισμέυος
599 4049 647 4106 IX.
670 4053 717 4107 66.
751 4081 785 4091 -
825 4048 921 4127 Atque
938 4068 1026 4127 quum
1048 4048 1153 4125 ubique
1173 4048 1253 4108 verbi
1276 4044 1362 4129 dysis

226 4131 344 4206 ejusque
373 4132 593 4208 compositorum
619 4139 751 4209 tempora
776 4141 931 4208 augmento
961 4133 1112 4210 temporati
1140 4134 1198 4191 sint
1217 4134 1363 4211 ornanda,
1416 4171 1423 4184 .

226 4217 255 4270 et
270 4212 437 4292 plerumque
458 4220 535 4276 recte
554 4221 704 4293 ornentur,
722 4222 819 4276 tamen
838 4212 1078 4299 sormo'oiytvsov
1099 4217 1219 4295 ejusque
1238 4236 1363 4296 compo·
