2942 4900
228 229 289 295 los
487 208 490 220 '
539 226 584 286 ne
605 226 727 286 naimo
745 224 913 285 neroum.
933 222 983 282 nu.
1004 215 1041 283 n.

227 409 262 462 10
282 396 338 478 τὴν
354 395 395 472 δὲ,
417 394 481 459 ἐπεί
494 391 565 468 τούς
585 394 696 465 παῖδας
717 387 928 471 ἀνδρωθῆναι,
952 395 1042 454 τοῦτο
1058 390 1113 471 μίν
1128 406 1185 469 σφι
1201 387 1358 470 οὔνοματα
1462 417 1463 430 ¹

226 486 409 558 θέσθαι,»ιι.
430 505 455 542 τ.
476 484 518 553 λ.,
539 480 588 537 nbi
609 478 742 537 acerbis
764 472 820 554 τὴν
842 474 898 546 δὲ,
930 483 997 535 ante
1019 476 1082 538 ἐπεὶ
1103 476 1223 554 positis,
1256 477 1360 552 incipit

226 570 375 648 epodosis.
424 564 472 624 IV.
493 569 529 623 33
557 561 621 625 ἐπεὶ
649 561 680 624 δὲ
699 596 745 606 -
772 552 829 622 οὐκ
850 559 1049 623 ιίπονοστίειν
1069 557 1115 605 -ἓ-
1136 554 1217 622 οὕτω
1242 554 1282 637 δὴ
1306 559 1360 638 φέ-

228 676 337 734 ροντας
356 682 400 695 -
420 640 621 726 inconsistent».
672 646 721 708 IX.
744 650 779 705 93
800 641 963 725 πρόφαντα
991 645 1024 706 δέ
1050 663 1107 723 σφι
1130 644 1162 706 ἐν
1184 643 1216 706 τε
1240 638 1359 706 Δωδεί-

227 762 267 824 νρ
288 736 341 798 καί
361 734 394 797 ἐν
415 738 563 811 Δελφοῖσι
585 730 714 812 ἐγίνετο,
747 729 810 814 ἐπεί
837 753 868 792 τε
891 721 1071 809 ἐπειροίτενν
1100 724 1172 801 τούς
1192 724 1360 810 προφήτας

227 846 256 885 ιι.
279 846 304 883 τ.
325 826 366 894 ί,
398 819 439 876 sic
460 816 524 879 ἐπεί
545 838 577 878 τε
596 815 700 873 merito
721 814 883 890 Schweigh.
906 814 999 872 Gaisf.
1030 815 1078 873 aiii
1100 833 1135 871 er
1157 814 1361 872 emendatione

227 907 338 967 Reiskii
365 906 533 980 receperunt
559 920 612 977 pro
639 899 713 957 maie
741 898 857 972 vulgato
881 898 995 967 ἔπειτα,
1027 899 1082 957 hoc
1113 898 1149 956 ab
1177 899 1242 958 loco
1275 898 1362 975 plane

228 991 336 1063 alieno,
363 1006 448 1065 quum
476 990 615 1064 appareat
636 982 703 1044 ἐπεί
728 1005 759 1044 τε
781 977 957 1064 ἐπειρώτεον
978 984 1108 1060 protasio
1137 1002 1203 1042 esse
1231 987 1263 1041 et
1283 979 1360 1059 πρό·

230 1098 330 1153 φαντα
351 1072 385 1135 δέ
405 1094 434 1132 ιι.
456 1093 481 1132 τ.
503 1075 528 1132 λ.
557 1073 588 1126 et
610 1069 642 1129 oi
661 1065 692 1129 di
709 1068 842 1148 ἔφραζον
862 1091 891 1129 π.
917 1091 941 1128 τ.
963 1073 990 1127 λ.
1019 1069 1170 1144 apodosin.
1209 1068 1249 1125 ci.
1272 1086 1363 1144 sopra

229 1163 377 1238 p.38sqq.
398 1157 448 1213 IX.
465 1159 502 1214 84
522 1151 585 1214 ἐπεί
601 1175 632 1213 τε
654 1149 686 1213 di
701 1153 888 1232 Μαρδονίου
912 1146 929 1213 ά
952 1147 1061 1233 νεκρὸς
1070 1144 1236 1230 ἠφάνιστο,
1248 1183 1292 1195 -
1304 1152 1363 1230 ἔχει

230 1242 264 1306 δέ
284 1265 351 1303 τινα
373 1235 466 1317 φάτιν
487 1237 539 1299 καί
552 1231 794 1316 Διονυσοφάνης
815 1231 920 1315 θάψαι
939 1233 1135 1317 Μαρδόνιον.
1169 1238 1267 1318 Quam
1289 1235 1363 1294 inter

229 1327 359 1407 protasio
383 1331 412 1382 et
433 1322 572 1400 apodosin
584 1321 749 1379 Herodotus
769 1323 899 1395 inseruit,
920 1341 978 1379 non
1002 1328 1081 1380 certo
1103 1341 1135 1379 se
1158 1322 1242 1393 scire,
1266 1340 1363 1398 aquo

230 1411 372 1470 Mardonii
394 1409 517 1465 cadaver
538 1411 618 1462 esset
632 1406 786 1483 sepultum,
808 1421 894 1483 quum
914 1406 1011 1484 piures
1032 1408 1063 1464 id
1084 1407 1121 1463 de
1143 1426 1175 1463 se
1195 1405 1364 1483 praedicas·

232 1501 312 1554 sent:
334 1484 391 1553 ὑπ’
414 1487 483 1554 ὅτευ
506 1488 558 1569 μὲν
580 1482 754 1571 άνθράποιν
775 1515 803 1552 ιι.
819 1513 844 1552 τ.
860 1496 885 1551 λ.
907 1490 1009 1567 quibus
1030 1492 1209 1567 respondent
1229 1485 1365 1561 ποίίοάς

229 1577 266 1640 ὀί
293 1600 379 1648 τινας
405 1610 449 1619 -
475 1570 596 1653 ἤκουσα
623 1597 651 1633 τι.
674 1598 698 1635 τ.
718 1580 745 1635 ί.
788 1575 943 1653 Postquam
973 1594 1042 1632 vero
1070 1575 1192 1632 cadaver
1218 1574 1364 1633 Mardonii

232 1664 322 1722 altero
344 1663 392 1718 die
412 1661 582 1718 subductum
602 1659 671 1733 fuit,
692 1659 778 1719 habet
800 1659 925 1718 nonnihil
946 1660 1038 1717 famae
1060 1658 1300 1737 Dionysophanes
1321 1660 1365 1716 vir

231 1746 373 1826 Ephesius
394 1746 539 1823 sepeiiisse
560 1743 756 1819 Mardonium,
785 1762 955 1821 quamquam
976 1744 1062 1802 etiam
1083 1743 1131 1801 aiii
1152 1744 1251 1821 plures
1273 1745 1305 1800 id
1327 1745 1364 1801 de

106 1857 118 1871 ¹
233 1851 266 1891 se
287 1831 535 1908 praedicaverunt,
557 1830 633 1887 unde
654 1836 760 1886 certum
781 1848 840 1886 non
860 1828 953 1887 habeo
976 1829 1090 1902 dicere,
1112 1828 1241 1905 quisnam
1264 1847 1365 1886 eorum

233 1933 334 1974 revera
354 1915 385 1971 id
404 1916 513 1972 fecerit.
556 1911 595 1971 Et
616 1914 658 1971 sic
688 1911 754 1975 ἐπεί
774 1936 805 1975 τε
834 1920 911 1971 recte
940 1918 987 1971 est
1006 1913 1149 1988 vulgatum
1172 1909 1249 1988 (ἐπεί
1273 1911 1308 1975 δὲ
1327 1915 1364 1973 V.

232 2000 281 2062 ἐπί
304 1996 336 2061 δέ
356 1998 402 2076 S.)
433 2018 527 2075 neque
555 1998 668 2061 ἔπειτεν
689 1995 723 2059 δὲ
744 1997 857 2056 Schaef.
881 2004 910 2056 et
931 1997 1024 2062 Gnisi.
1054 1998 1185 2074 recipere
1207 1998 1365 2073 debebant,

233 2101 400 2162 quamquam
422 2082 595 2141 Scheeierus
615 2081 644 2141 in
665 2084 803 2142 Reiziana
824 2083 950 2141 editione
970 2080 1037 2143 ἐπεί
1057 2105 1089 2144 τε
1111 2080 1145 2144 δὲ
1167 2083 1291 2143 retinuit.
1322 2116 1366 2128 -

230 2169 303 2228 Sed
320 2167 358 2228 Π.
383 2173 418 2226 52
448 2167 560 2229 ἔπειτεν
587 2165 619 2229 δὲ
646 2201 690 2212 -
718 2160 872 2230 ἐπύθοντο
900 2172 977 2225 recte
1005 2167 1122 2225 Reicies
1150 2168 1279 2244 reposuit
1307 2185 1365 2245 pro

233 2253 327 2316 ἐπείτε
348 2250 397 2328 δὲ,
423 2254 500 2328 quod
525 2251 652 2315 Gronov.
674 2251 769 2310 Wess.
798 2251 833 2309 ai.
862 2252 1038 2328 scripserunt
1067 2270 1129 2309 cum
1153 2251 1235 2314 codd.
1262 2251 1297 2310 Ρ.
1318 2252 1364 2315 Μ.

233 2338 272 2400 K.
294 2337 387 2399 ἐπειτε
409 2336 439 2399 δέ
460 2336 496 2395 F.
518 2329 617 2399 ίπειτα
637 2334 670 2398 di
690 2337 756 2395 Aid.
782 2337 818 2395 al.
842 2356 905 2393 cum
925 2336 958 2396 S.
985 2368 1029 2379 -
1057 2336 1108 2394 lx.
1128 2339 1163 2395 98
1186 2335 1288 2398 ίπεετα
1310 2328 1368 2399 άν-

235 2422 405 2503 ενειχθὲντα
430 2421 537 2497 vulgat.
565 2420 660 2484 ἐπείτε
680 2422 754 2480 male
775 2422 840 2482 cod.
863 2422 911 2497 S.,
941 2422 994 2479 sed
1025 2420 1141 2481 Schaef.
1167 2420 1292 2485 ἔπειτεν.
1322 2455 1365 2467 —

230 2510 288 2583 At,
334 2508 387 2566 etsi
418 2507 497 2565 iocus
525 2504 578 2566 iste
612 2508 689 2585 apud
717 2507 850 2565 Eustath.
885 2524 921 2564 ex
954 2505 1095 2581 Dionysio
1129 2507 1260 2565 laudatus
1291 2524 1367 2567 non·

232 2593 301 2651 nihil
323 2593 492 2670 suspicionis
514 2593 581 2649 mihi
602 2597 706 2667 movet,
728 2598 854 2648 autnon
876 2598 954 2650 recte
966 2592 1119 2649 memoriae
1136 2593 1293 2651 tradidisse
1307 2585 1368 2673 Hu-

234 2677 382 2752 stathium,
410 2680 460 2737 out
480 2695 538 2734 non
560 2683 640 2735 recte
661 2677 845 2754 praecepisse
867 2675 1054 2755 Dionysium,
1082 2677 1187 2755 quippe
1208 2679 1257 2753 qui
1280 2680 1367 2736 etiam

233 2762 401 2834 vocabulum
422 2756 499 2824 εἶτεν
520 2762 669 2820 Herodoto
698 2761 726 2819 in
750 2782 802 2818 usu
829 2760 917 2819 fuisse
940 2763 1136 2835 contenderit,
1164 2781 1252 2838 quum
1272 2782 1368 2840 neque

234 2842 298 2909 εἶτα
321 2866 412 2924 neque
435 2841 509 2908 εἶτεν
531 2848 637 2906 nostris
660 2848 689 2903 in
710 2847 789 2905 libris
811 2847 950 2921 invenias,
970 2852 1065 2903 tamen
1085 2847 1173 2904 multo
1194 2846 1325 2925 pluribus
1338 2850 1367 2906 in

233 2932 321 3004 locis,
357 2948 441 3006 quam
464 2950 542 2988 nunc
571 2932 734 3006 coniectura
761 2930 821 2988 erui
841 2935 957 3009 potest,
988 2951 1027 2988 ue
1049 2932 1142 2989 dicam
1163 2931 1193 2989 in
1225 2932 1367 3008 omnibus,

205 3072 208 3077 r
235 3010 348 3075 ίπειτεν
376 3014 412 3070 ab
433 3013 582 3071 Herodoto
610 3015 674 3091 ipso
694 3010 819 3092 positum
840 3016 946 3091 fuisse,
971 3017 1035 3093 jure
1062 3018 1164 3074 merito
1191 3018 1368 3077 contendere

234 3096 302 3154 mihi
316 3097 424 3154 videor.
465 3096 543 3159 Nam
560 3096 684 3168 ἔπειτεν,
705 3099 783 3174 quod
805 3100 889 3157 etiam
910 3100 1065 3159 aPindaro
1086 3108 1253 3179 usurpatum
1275 3103 1369 3178 vides,

236 3178 287 3259 (cf.
309 3177 395 3254 Pytu.
416 3180 465 3254 IV,
486 3187 549 3240 nn.
564 3181 652 3245 Nem.
669 3181 723 3258 111,
740 3189 788 3255 254.
812 3184 850 3242 cf.
866 3184 965 3245 Herm.
986 3185 1140 3264 Opusc.'l,
1162 3207 1191 3264 p.
1207 3191 1268 3245 265.
1291 3185 1367 3247 Lob.

235 3265 340 3341 Phryn.
362 3284 391 3341 p.
404 3263 482 3341 124),
504 3284 522 3323 a
543 3264 708 3342 Megarensi
729 3268 806 3346 apud
828 3269 973 3348 Aristoph.
990 3271 1114 3330 Acharn.
1133 3275 1184 3331 745
1205 3270 1288 3349 (710)
1313 3268 1370 3356 κῆ-

235 3368 334 3415 πειτεν
364 3347 395 3422 ἐς
422 3345 477 3412 τάν
506 3340 700 3414 odssov'oid'
724 3351 889 3433 ἐσβαίνετε,
916 3360 946 3412 et
973 3356 1219 3433 aposterioribus
1242 3357 1370 3435 saepius,

235 3440 350 3499 constat
371 3435 431 3494 fere
452 3436 528 3495 inter
549 3455 650 3496 omnes
669 3437 796 3496 Ionicum
819 3458 894 3503 esse.
936 3436 1071 3499 Attamen
1086 3440 1279 3515 Herodotum,
1301 3461 1369 3500 vere

233 3520 330 3579 Ionice
355 3520 536 3600 loquentem,
558 3522 636 3581 nulio
652 3522 730 3596 ioco,
754 3524 795 3579 uti
817 3525 908 3581 nostri
930 3524 1017 3582 codd.
1038 3525 1109 3591 Μετ’,
1130 3522 1263 3600 suodent,
1285 3526 1369 3584 istam

233 3603 358 3662 Ionicam
385 3604 508 3665 formam
536 3625 709 3686 usurpasse,
743 3607 897 3686 putemus?
939 3608 1072 3687 Minime,
1102 3615 1189 3687 atque
1210 3611 1284 3673 adeo
1306 3611 1370 3670 aiiis

235 3688 321 3745 etiam
342 3689 372 3745 in
393 3688 481 3768 locis,
509 3693 557 3757 ubi
580 3693 721 3752 dissensio
745 3691 881 3751 librorum
903 3693 1095 3769 conjecturam
1117 3695 1262 3770 admittit,
1290 3694 1370 3754 Ioni·

235 3792 299 3835 cum
321 3769 431 3834 ἔπειτεν
452 3778 658 3838 restituendum
678 3796 746 3836 esse
767 3797 884 3837 censeo.
926 3779 975 3835 Sic
995 3798 1065 3837 vera
1093 3780 1234 3858 scriptura
1256 3778 1370 3844 ἔπειτεν

108 3913 114 3923 ,
235 3856 283 3916 vl.
302 3862 338 3917 83
359 3857 426 3916 mihi
448 3858 538 3919 latere
558 3863 671 3921 videtur
692 3864 876 3939 incorrupta
905 3862 1030 3923 lectione
1053 3866 1139 3928 codd.
1160 3866 1191 3927 S.
1214 3863 1249 3921 V.
1273 3865 1370 3929 ἐπείτε

235 3974 278 3986 -
298 3941 455 4023 ἐξέβαλον,
482 3964 536 4021 pro
558 3965 615 4021 quo
637 3967 734 4006 omnes
757 3948 898 4005 editiones
920 3946 1020 4010 ἔπειτα
1041 3969 1116 4008 nnnc
1136 3948 1288 4028 praebent,
1331 3950 1370 4009 Et

235 4026 340 4084 ibidem
362 4024 459 4104 paullo
481 4032 719 4110 post‘scriptura
740 4031 847 4090 codicis
861 4032 893 4090 S.
914 4030 986 4106 τέως
1007 4032 1061 4111 μέν
1082 4068 1124 4078 -
1147 4034 1242 4097 ἐπείτε
1263 4032 1297 4097 δὲ
1319 4033 1369 4111 (ἔ-

235 4134 322 4173 πειτα
344 4110 500 4190 editiones)
521 4115 558 4172 ad
586 4132 682 4174 verum
706 4114 819 4178 ἔπειτεν
850 4136 903 4177 nos
926 4119 1032 4178 ducere
1054 4125 1160 4197 potest.
1202 4118 1369 4198 Eodemque

234 4198 321 4255 modo
342 4195 391 4260 VI.
414 4199 448 4257 91
478 4217 532 4274 pro
562 4200 689 4259 codicum
710 4201 750 4260 K.
771 4201 807 4259 F.
830 4201 859 4264 b.
881 4211 1014 4281 corrupta
1036 4205 1179 4282 scriptura
1200 4203 1252 4268 καί
1273 4203 1369 4270 ἐπείτε

237 4312 279 4324 -
321 4281 448 4362 ἐξῆγον,
477 4290 525 4342 aot
551 4303 604 4362 pro
632 4285 749 4361 vulgata
780 4284 895 4361 instro,
924 4292 1023 4368 reponi
1053 4289 1135 4347 velim
1164 4287 1286 4354 ίπειτεν.
1330 4290 1368 4350 ci.
