2942 4900
873 1168 1240 1342 mnu
1312 1161 1844 1344 warlus,

1195 1573 1502 1583 ---.-..

859 1827 1196 1892 Declinatio
1249 1830 1444 1912 prima
1498 1799 1867 1929 neroum..

254 2047 267 2055 .
368 1977 629 2040 --Primae
669 1980 1064 2041 declinationis
1104 1983 1420 2059 genitivum
1461 1982 1807 2059 singularem
1848 1981 2135 2041 nominum
2178 1981 2237 2040 in
2281 1977 2357 2061 ᾗ·
2402 2000 2501 2042 ex-

237 2062 500 2124 euntium
540 2063 870 2124 Herodotus
913 2072 1244 2125 constanter
1284 2087 1388 2146 per
1430 2067 1524 2132 ἓὶἶ
1561 2070 1805 2143 format,
1849 2071 1918 2125 ut
1958 2065 2271 2142 genitivum
2309 2067 2502 2145 plura-

233 2148 354 2207 lem
395 2148 639 2208 omnium
679 2146 968 2210 nominum
1003 2155 1118 2229 'per
1159 2152 1309 2223 ἔῶῖις
1350 2145 1537 2230 ςοειω
1560 2144 1959 2212 formationem
1996 2170 2063 2208 ex
2092 2151 2507 2229 antiquioribus·

236 2251 311 2292 ac
341 2234 586 2311 poeticis
626 2235 1122 2294 terminationibus
1164 2239 1222 2297 in
1265 2234 1340 2299 55
1384 2244 1444 2297 et
1491 2237 1613 2304 Ἐὖ
1652 2240 1847 2295 natam
1888 2254 2022 2294 esse
2070 2235 2215 2293 satis
2260 2242 2352 2294 est
2392 2254 2503 2293 no·-

236 2322 379 2376 tum.
467 2318 586 2376 Sed
637 2325 701 2378 ut
753 2320 898 2379 haec
950 2321 1180 2398 poetica
1225 2342 1258 2382 e
1301 2314 1559 2396 'genuino
1602 2321 1937 2380 Herodoteo
1993 2337 2259 2378 sermone
2317 2319 2503 2378 seclu-

239 2402 433 2461 denda
473 2407 602 2480 est,
660 2404 744 2463 sic
786 2410 846 2464 et
886 2404 1155 2481 vulgares
1197 2408 1257 2467 in
1297 2403 1384 2473 ’ὀῖ
1410 2414 1482 2470 -et
1520 2408 1604 2475 δ’,
1646 2405 1956 2483 ejiciendas
2014 2421 2143 2463 esse
2200 2422 2407 2464 censeo
2422 2400 2504 2482 *).

242 2485 287 2545 1.
334 2493 439 2547 160
476 2487 667 2549 Bekk.
707 2493 866 2548 recte
906 2490 1202 2571 κριθέων;
1241 2494 1414 2570 vulgo
1456 2493 1711 2573 κριθῶν.
1801 2488 1876 2547 11.
1926 2493 1997 2547 36
2041 2485 2311 2569 κριθέων
2349 2489 2503 2565 vulg.

237 2575 484 2651 κριθῶν
524 2574 590 2633 S.
677 2572 721 2633 I.
767 2578 868 2633 14⁷
909 2564 1027 2637 ἄπ’
1075 2570 1390 2654 Ἀθηνέων
1444 2576 1673 2637 Schaef.
1726 2573 1913 2632 Bekk.
1976 2564 2263 2650 Ἀθηνόῖν
2311 2573 2505 2647 ’νὐἰςο.

241 2656 319 2715 cf.
377 2662 439 2716 et
487 2656 624 2719 Var.
681 2654 878 2717 Lectt.
933 2660 1008 2719 ad
1064 2659 1112 2719 Ι.
1157 2666 1248 2720 31.
1293 2665 1384 2720 46.
1427 2666 1521 2722 61.
1560 2667 1653 2721 80.
1699 2660 1821 2717 129.
1873 2659 1996 2715 179.
2041 2660 2164 2714 180.
2210 2660 2335 2714 194.
2378 2662 2506 2715 202.

246 2744 376 2801 206.
416 2740 521 2800 III.
565 2748 656 2803 25.
697 2747 788 2803 26.
836 2749 957 2803 155.
998 2744 1099 2804 IV.
1142 2748 1267 2805 195.
1309 2744 1385 2803 V.
1424 2750 1516 2806 82.
1560 2747 1665 2822 92,
1700 2746 1757 2801 3.
1800 2739 1930 2799 VII.
1974 2744 2064 2798 35.
2100 2743 2249 2809 ·118;
2301 2739 2509 2817 quibus

244 2824 515 2885 omnibus
550 2827 612 2885 in
648 2827 789 2886 locis
832 2829 1160 2888 terminatio
1197 2829 1258 2887 in
1299 2827 1409 2895 §33
1446 2832 1595 2889 nunc
1635 2832 1792 2887 recte
1835 2829 1924 2883 est
1969 2822 2248 2902 praelata.
2334 2823 2527 2900 Prae<

247 2913 411 2969 terea
462 2910 559 2969 IV.
602 2915 643 2971 8
697 2908 1032 2993 Γηρυόνεω
1087 2932 1239 2973 nunc
1293 2920 1451 2974 recte
1500 2912 1719 2990 vulgat.
1773 2928 1882 2988 pro
1937 2927 2053 2984 quo
2109 2906 2279 2973 codd,
2323 2908 2389 2965 S.
2435 2903 2509 2963 V.

247 2994 401 3054 male
445 2990 769 3078 Γηρυόνου
815 2997 1205 3057 exhibuerunt.
1255 3029 1331 3043 —-
1375 2995 1483 3057 III.
1528 3003 1632 3059 102
1669 2991 1864 3076 βορέω
1906 3010 2059 3051 nunc
2097 2990 2252 3067 vulg.
2292 2988 2513 3073 βορέου

246 3076 323 3138 F.
411 3079 512 3139 1V.
563 3086 631 3140 51
679 3079 876 3163 βορέω
926 3082 1082 3159 vulg.
1142 3079 1365 3163 βορέου
1410 3083 1477 3142 S.
1548 3108 1633 3128 ·—-
1701 3077 1832 3140 VII.
1872 3081 1944 3139 26
2000 3070 2319 3157 Μαρσύεω
2360 3080 2533 3135 recte'

248 3162 409 3241 vulg·
472 3161 790 3246 Μαρσύου
833 3165 900 3225 Ρ.
946 3167 1026 3225 Κ.
1061 3167 1133 3227 F.
1219 3167 1318 3227 IV.
1355 3173 1423 3227 15
1453 3161 1742 3254 Ἀριστέω
1789 3167 1948 3222 recte
1987 3162 2146 3238 vulg.
2202 3156 2517 3243 Ἀριστέου

248 3246 324 3308 F.
412 3248 558 3309 Vide
599 3256 657 3309 et
697 3250 830 3309 Var.
872 3248 1065 3311 Lectt.
1103 3252 1179 3310 ad
1211 3251 1263 3311 1.
1300 3257 1391 3313 61.
1456 3252 1561 3312 ΠΙ.
1599 3258 1724 3314 115.
1788 3247 1889 3307 IV.
1931 3250 2023 3306 36.
2086 3244 2210 3305 VII.
2251 3251 2379 3307 204.
2430 3275 2519 3290 --

251 3331 377 3391 sed
417 3333 517 3392 VI.
568 3339 671 3394 101
724 3328 785 3394 et
838 3334 990 3395 VIII.
1039 3341 1108 3395 11
1167 3337 1428 3396 omnibus
1482 3338 1542 3395 in
1582 3336 1741 3395 libris
1787 3331 1974 3391 adhuc
2013 3327 2162 3388 male
2202 3332 2518 3384 retinentur

254 3417 494 3493 ssfflifivi
533 3416 778 3482 Κυνέου
823 3425 882 3479 et
922 3416 1252 3501 Αἰσχρέου,
1302 3421 1400 3497 qui
1499 3415 1630 3479 unm
1681 3416 1832 3475 haud
1874 3412 2048 3471 dubie
2084 3431 2119 3470 a
2157 3412 2514 3469 nominativis

260 3500 508 3582 Κῡνὲης
552 3510 614 3563 et
653 3501 949 3586 Αἷσχρέης
986 3506 1254 3565 fluxerint
1295 3504 1402 3584 (cf.
1498 3502 1649 3564 alck.
1694 3501 1771 3559 ad
1811 3495 2034 3557 Herod.
2076 3492 2226 3553 VIII.
2278 3500 2374 3568 11,
2422 3492 2514 3548 nbi

255 3585 354 3644 ille
394 3587 599 3647 similia
635 3582 829 3649 Attica
870 3589 1103 3649 nomina
1162 3588 1467 3668 Χαιρέας,
1514 3583 1791 3668 Δημέας,
1852 3576 2122 3657 Ταυρέας
2163 3580 2518 3667 campania

256 3670 484 3731 Sinten.
539 3673 617 3735 ad
671 3673 822 3732 Plut.
880 3672 1163 3733 Themist.
1215 3693 1276 3753 p.
1329 3679 1434 3732 105
1480 3673 1556 3730 de
1613 3663 1928 3748 Αἰσχρέας.
1990 3661 2166 3721 Paus.
2218 3660 2322 3720 vn
2342 3704 2358 3736 a
2418 3668 2520 3720 415

257 3751 480 3833 (Sylb.)
525 3756 769 3822 Κυνέου
810 3777 848 3817 a
891 3755 1156 3836 Κυνέας.
1221 3756 1471 3833 Etymol.
1502 3755 1664 3831 Mag.
1706 3774 1768 3831 p.
1811 3750 2035 3823 752,’13
2062 3766 2127 3806 s.
2156 3764 2210 3806 v.
2258 3744 2518 3820 φιλτὲιτς.

256 3838 459 3921 Rape,
501 3840 614 3918 lex.
655 3859 812 3902 nom.
856 3862 946 3921 pr.
986 3842 1262 3902 Graecor.
1304 3861 1384 3920 p.v
1411 3838 1536 3923 4.),
1577 3839 1702 3898 sine
1741 3832 2120 3895 haesitatione
2156 3832 2214 3891 in
2254 3832 2526 3888 Hermio-

297 4140 305 4149 ,
400 4091 468 4161 *)
525 4095 597 4148 of.
633 4071 794 4148 Eunt.
830 4093 989 4146 Hom.
1026 4109 1082 4159 p.
1120 4047 1219 4158 12,
1250 4090 1324 4146 40
1362 4085 1525 4142 Πᾶν
1555 4082 1639 4151 sle
1672 4071 1742 4156 ἦῖ
1772 4083 1981 4154 λῆγον,
2032 4068 2104 4133 οὖ
2146 4074 2181 4147 ἠ
2222 4072 2402 4145 γενικὴ
2442 4072 2526 4137 εἰς

263 4166 714 4263 ὀἷίιερατοῦται
732 4207 754 4252 ,·
797 4172 958 4247 παρὰ
1000 4172 1339 4244 τῆσἿάδοο
1371 4172 1453 4237 εἰς
1491 4160 1574 4229 εἶν
1606 4169 1773 4243 λήγει.
1837 4171 1910 4226 σῖ.
1951 4160 2007 4223 st
2044 4166 2330 4219 Gramma.
2390 4165 2530 4233 apud

264 4265 438 4324 Maia.
456 4299 463 4306 ·
480 4285 537 4340 p.
575 4267 678 4323 138
711 4268 822 4336 (ed.
847 4260 1074 4329 scum).
1634 4291 1641 4300 ·
