2942 4900
415 169 461 230 lle
483 168 604 229 dialecto
627 169 792 242 llerodptea
813 167 861 226 lib.
884 168 908 230 l.
1187 162 1227 225 87

95 358 156 398 rum
177 338 317 415 quidem,
344 335 393 413 qui
421 336 476 395 soli
503 335 576 414 ipsis
597 334 635 393 ah
661 334 824 394 editoribus
847 333 1083 392 Herodottsunt
1101 334 1235 413 inspecti,

92 425 118 483 F
140 429 173 482 et
194 424 239 498 8.,
260 440 347 501 quum
367 421 484 499 saepius
508 426 647 485 taceatur,
671 420 741 496 quid
762 419 790 476 iu
812 418 859 476 his
880 418 1018 493 scriptum
1040 422 1142 492 exstet,
1165 420 1234 494 quid

91 504 314 584 accersiat),
334 506 427 565 nostri
448 504 535 580 igitur
548 504 708 562 Herodctei
729 502 845 562 codices
867 503 914 559 ita.
928 502 1085 578 comparati
1106 509 1184 576 sunt,
1204 508 1236 559 ut

91 593 139 652 uhi
162 611 241 651 unus
266 597 316 651 aut
341 591 414 648 alter
434 588 631 649 Herodoteam
657 588 800 664 quandam
824 587 940 642 formam
962 585 1097 662 praebet,
1127 585 1166 643 ihi
1187 586 1233 642 alii

92 676 221 736 Atticam
242 682 291 734 aut
309 675 393 734 aliam
413 671 566 750 quamlibet
587 669 639 731 sed
655 691 712 729 noc
733 671 928 729 llerovloteum
950 668 1111 745 exhibeant,
1134 674 1165 727 et
1186 670 1234 726 uhi

91 763 130 835 ii,
155 762 207 838 qui
236 762 324 819 modo
346 759 442 835 aliquo
472 758 502 815 in
528 757 600 816 loco·
615 757 767 833 genuina‘rn
789 753 932 816 habebant
960 754 1147 831 scripturam,
1175 772 1233 811 corr

91 846 291 905 Herodoteam
312 844 473 923 praebent,
491 841 529 899 ibi
552 842 590 916 ii,
615 841 663 916 qui
683 841 769 897 modo
791 838 879 896 salsas
900 837 1058 914 scripturas
1078 837 1235 912 habehant,

91 936 190 989 rectas
204 929 374 1009 praebeant.
417 926 470 984 Cui
488 925 646 1000 variationi,
668 941 755 1000 quum
770 923 884 981 minime
898 921 981 980 nohis
996 927 1122 980 statuere
1139 921 1233 997 liceat,

92 1014 277 1074 Herodotum
296 1014 371 1071 idern
393 1009 561 1072 vocabulum
581 1008 841 1085 vocabulorumque
856 1026 947 1082 genus
966 1007 1053 1063 motio
1072 1006 1125 1064 hac
1146 1006 1233 1064 modo

91 1097 139 1157 ilia
161 1098 258 1158 forma
280 1115 453 1174 usurpasse,
474 1099 503 1153 et
524 1113 610 1171 quum
633 1111 731 1171 paunn
754 1092 889 1171 praesidii
910 1090 978 1147 insit
999 1090 1118 1165 siugulis
1139 1091 1168 1147 in
1188 1088 1233 1146 lo·

10 1255 12 1262 Ι
92 1185 150 1258 cis,
182 1184 225 1239 sic
256 1181 463 1239 occurrendum
488 1198 554 1236 esse
577 1177 704 1250 videtur,
731 1182 763 1233 ut
788 1175 916 1234 collectis
941 1174 1025 1231 unius
1046 1175 1232 1250 ejusdemque

92 1266 225 1326 vocabuli
245 1265 503 1340 vocabulorcmque
525 1262 640 1337 generis
661 1260 798 1339 exemplis
822 1259 964 1334 omnihus,
983 1259 1096 1317 ratione
1118 1275 1234 1334 qnoque

92 1354 119 1411 in
140 1352 209 1412 loco
231 1350 362 1408 codicum
378 1349 519 1425 scriptura
536 1347 650 1421 habita,
672 1357 809 1403 summam
831 1343 974 1419 quandam
995 1341 1040 1399 vel
1062 1343 1233 1419 depravata·

94 1457 155 1495 nrm
176 1433 224 1493 vel
244 1440 386 1493 rectarum
407 1431 562 1489 formarum
582 1431 772 1489 subducamus
791 1434 878 1505 atque
900 1427 1091 1500 conferamus,
1110 1426 1233 1501 indeque

94 1523 211 1579 codices
233 1520 316 1596 ipsos
337 1518 413 1575 inter
426 1535 459 1574 se
481 1516 670 1576 conciliemus.
713 1511 877 1572 Restabant
889 1516 984 1568 tamen
1000 1510 1142 1566 interdum
1158 1525 1233 1566 uon·

91 1604 160 1663 nuhi
189 1603 247 1661 loci
254 1643 265 1680 ,
294 1601 341 1661 ubi
372 1601 487 1659 codices
510 1619 608 1658 omnes
632 1618 742 1656 summo
764 1614 907 1654 consensu
934 1593 973 1669 (si
995 1594 1069 1651 enim
1090 1592 1232 1650 silentium
1274 1642 1276 1646 .

10 1737 11 1744 ,
91 1705 208 1764 eorum,
236 1687 284 1764 qui
305 1687 436 1754 codicum
456 1684 694 1742 conferendorum
715 1699 816 1739 munus
837 1680 867 1737 ic
891 1697 924 1736 se
945 1682 1148 1754 susceperunt,
1176 1694 1231 1752 pro

93 1793 240 1832 consensu
263 1778 310 1830 est
340 1766 515 1847 habendum)
544 1774 644 1826 contra
672 1766 870 1824 Herodoteum
892 1781 974 1819 usum
995 1762 1138 1827 nituntur3
1168 1761 1231 1834 sed,

92 1877 192 1934 quum,
214 1863 247 1915 ut
269 1856 411 1934 pessimos
433 1865 635 1928 nunnunquam
653 1870 715 1909 cum
737 1846 991 1927 praestantissimis
1008 1845 1174 1922 conspirare
1188 1844 1232 1899 vi·
1259 1863 1266 1868 ·

91 1943 187 2000 dimus
208 1947 238 1999 et
250 1941 379 2018 optimos
394 1936 466 1995 lalsa
482 1935 653 2007 exhibuisse,
675 1934 716 1992 sic
738 1934 824 1991 etiam
842 1930 903 1989 lieri
920 1928 1060 2006 potuerit,
1080 1933 1111 1985 ut
1131 1944 1232 1984 carnes

91 2027 267 2105 superstites
295 2023 465 2101 quibusdam
494 2021 524 2078 in
552 2021 623 2078 locis
648 2020 723 2076 malo
750 2018 786 2074 de
809 2013 961 2091 exemplari
989 2010 1232 2085 describerentur,

91 2110 224 2187 maleque
247 2109 393 2186 descripta
414 2112 609 2178 servarentur,
632 2102 701 2162 nihil
722 2119 777 2160 nos
798 2098 938 2177 impedire
959 2097 1061 2169 video,
1081 2095 1233 2172 quominus

91 2197 153 2255 istis
180 2197 211 2253 in
234 2194 323 2269 locis,
350 2191 503 2249 dummodo
526 2189 663 2267 pleraque
683 2183 813 2262 exempla
835 2181 952 2259 regulae
971 2199 1004 2238 ac
1023 2197 1141 2237 normae
1166 2196 1232 2236 sese

93 2278 389 2353 accommodaverim,
418 2294 537 2355 prorsus
564 2274 693 2333 codicum
714 2269 787 2332 lilss,
816 2267 1014 2325 auctoritatem
1041 2262 1232 2341 negligamus,

161 2462 193 2528 *)
212 2461 284 2513 Vide
299 2457 484 2512 Praelaticues
501 2454 661 2523 wesseling.
681 2458 708 2506 et
726 2449 879 2518 Schweigh.
905 2477 940 2486 -
966 2445 1079 2511 struve,
1097 2443 1177 2512 Spec.
1195 2441 1229 2509 ll,

93 2551 121 2603 p.
140 2530 190 2596 153
210 2530 262 2594 ΙΙΙ,
281 2548 309 2598 p.
328 2528 385 2579 det
394 2528 421 2584 5.
438 2556 474 2564 —
492 2528 551 2590 Qua
570 2526 597 2577 iu
615 2522 754 2575 occasione
771 2522 861 2571 facere
879 2533 930 2568 non
949 2531 1064 2583 possum,
1082 2514 1146 2581 quin
1163 2528 1230 2580 quc-

93 2619 136 2654 rar
152 2602 186 2653 de
205 2597 389 2651 illiberalitato
406 2596 518 2664 quadam
538 2605 565 2647 et
582 2591 776 2655 occultatione,
797 2590 823 2638 in
841 2603 894 2654 qua
912 2584 1061 2636 absconditi
1079 2582 1231 2649 plerumque

92 2670 241 2723 retinentur
260 2667 366 2720 codices
383 2663 557 2732 manuscripti
579 2661 613 2713 iis
636 2661 664 2712 in
682 2657 760 2723 locis,
786 2657 831 2709 chi
855 2654 935 2706 semel
960 2660 1023 2704 suut
1040 2651 1132 2720 positi.
1169 2650 1231 2701 Mea

93 2740 200 2809 quidem
224 2755 258 2789 cx
281 2734 412 2789 sententia
435 2750 524 2785 omues
548 2736 680 2809 quotquqt
702 2730 845 2794 supersunt
867 2720 984 2787 cujusvis
1007 2719 1100 2785 scripti
1125 2717 1230 2768 codices

10 2836 12 2861 ι
93 2806 269 2875 manuscripti
287 2803 407 2857 omnihus
425 2820 483 2859 cum
502 2800 577 2853 vitiis
595 2798 769 2862 omnibusque
787 2809 844 2844 cum
862 2790 955 2858 signis,
976 2787 1087 2850 lineolis,
1105 2785 1229 2836 ductibus

10 2914 11 2925 r
93 2875 293 2930 accuratissime
312 2871 567 2941 diligentissimeque
583 2865 658 2935 typis
677 2859 845 2915 describendi
856 2865 926 2925 suut,
945 2862 1081 2909 uteorum
1099 2850 1230 2921 exempla·
1282 2872 1286 2877 ·

93 2946 130 3002 ria
145 2961 240 3001 omnes
257 2943 285 2994 in
303 2954 390 2995 terras
407 2954 548 3007 omnesque
558 2936 586 2988 iu
604 2932 779 2988 bibliothecas
795 2928 960 2995 omniumque
977 2925 1004 2976 in
1024 2938 1114 2975 manus
1130 2921 1231 2974 dimitti

94 3016 206 3085 possint.
245 3014 437 3065 Obmutescent
452 3018 507 3061 tum
524 3004 666 3075 querelae,
687 3002 806 3063 sonasse
829 3014 899 3050 nunc
920 2994 1024 3063 quidem
1041 2991 1170 3044 interdum
1188 2990 1230 3042 in·

95 3101 169 3151 aues,
202 3081 239 3134 de
258 3082 384 3146 levitate,
411 3075 578 3144 indiligentia
602 3081 684 3142 atque
706 3068 809 3124 incuria
832 3065 999 3128 collatorum,
1028 3076 1138 3135 quorum
1163 3058 1230 3112 alius

10 3160 12 3199 i
95 3153 155 3207 alias
188 3153 227 3203 ad
257 3166 301 3203 res
329 3149 357 3201 in
382 3148 518 3200 codicibus
547 3138 713 3197 conterendis
743 3136 883 3205 respiciat,
918 3132 975 3187 suis
1006 3129 1119 3199 quisque
1144 3128 1228 3198 ipsius

10 3256 11 3283 r
95 3228 120 3274 et
147 3219 282 3290 temporis
309 3217 457 3273 rationibus
484 3215 595 3279 ductus,
625 3215 655 3262 ut
682 3207 761 3258 iidem
788 3205 893 3256 codices
916 3201 1001 3263 Mes,
1025 3199 1108 3250 donec
1126 3215 1141 3250 a
1159 3214 1229 3249 com-

96 3291 225 3344 munitate
242 3288 368 3356 disjuncti
388 3285 565 3346 occultentur,
590 3297 639 3331 sua
656 3285 752 3346 sponte
770 3282 861 3343 pateat
877 3275 952 3337 lore,
973 3276 1003 3321 ut
1017 3283 1122 3336 scrupos
1139 3267 1229 3318 eodem

96 3360 168 3413 modo
186 3356 354 3422 conterendi,
374 3353 488 3407 novandi
500 3360 528 3404 et
540 3347 655 3401 iterandi
666 3346 731 3401 sint.
767 3345 836 3396 'l'um
854 3342 934 3395 etiarn
950 3338 1062 3390 celerius
1079 3353 1111 3389 ac
1125 3334 1230 3387 felicius

96 3429 216 3483 omuibus
234 3427 263 3479 in
282 3425 404 3494 partibus
424 3418 593 3488 antiquitatis
614 3415 763 3469 studiorum
780 3429 829 3466 nos
846 3409 1035 3478 procedemus,
1060 3404 1161 3472 quippe
1183 3404 1231 3469 qui

96 3516 182 3561 qmnes
202 3513 252 3548 nos
272 3492 358 3546 edocti
376 3490 636 3561 primariostcutes,
654 3483 838 3535 omniumtum
856 3481 882 3529 iu
901 3473 1123 3542 disputationibus
1141 3472 1229 3537 queti-

96 3562 136 3620 die
155 3566 294 3635 agitstos3
312 3580 344 3615 ac
355 3560 511 3631 sperandum
529 3561 587 3620 est,
605 3554 663 3605 scre
682 3560 754 3618 tum,
771 3557 813 3612 ut,
831 3544 1006 3600 fundamentis
1024 3539 1128 3591 firmius
1139 3539 1230 3606 jactis,

97 3637 223 3688 altissima
248 3649 370 3702 quaeque
392 3629 457 3682 haec
482 3633 572 3678 nostra
593 3621 682 3675 studia
700 3624 845 3689 appetant,
869 3615 1045 3680 majoremque
1066 3608 1094 3661 is
1118 3607 1228 3675 gloriam

10 3718 11 3773 Ι
96 3705 273 3772 laudemque,
298 3717 368 3752 nunc
387 3698 491 3768 quidem
517 3695 545 3747 iu
569 3693 625 3745 dies
648 3690 731 3758 magis
749 3689 784 3740 iis
800 3683 929 3738 immerito
950 3687 1086 3748 negatam,
1111 3677 1230 3731 veniant.

96 3776 173 3843 Atqui
192 3770 387 3838 inscriptiones
404 3772 522 3820 veterum
540 3779 627 3815 nonne
644 3761 714 3813 sicut
731 3759 858 3809 inventae
870 3759 933 3805 suut
941 3749 1016 3818 typis
1043 3745 1230 3799 describendas

10 3884 11 3897 r
96 3849 223 3897 curarunt
237 3858 273 3893 uc
292 3838 408 3891 comat
444 3837 540 3889 Nonne
557 3831 605 3885 alii
622 3828 728 3898 quidam
749 3825 852 3878 codices
865 3822 932 3876 lllss.
953 3816 1040 3886 paullo
1058 3825 1120 3885 post
1137 3815 1230 3865 inven-

10 3916 11 3943 i
96 3920 145 3969 um
161 3908 386 3982 typographicam
410 3911 510 3972 artem,
533 3902 571 3953 sic
593 3903 733 3962 sterant,
757 3892 886 3960 exscripti
909 3894 971 3940 snut
993 3885 1082 3954 typis,
1107 3890 1135 3935 ut
1159 3881 1230 3933 nulla

95 3983 165 4048 justa
183 3996 304 4049 veraque
321 3991 400 4030 causa
418 3974 480 4025 mihi
498 3970 603 4041 quidem
621 3967 730 4019 subesse
749 3962 880 4024 videatur,
898 3976 945 4012 cur
962 3956 1040 4008 etiam
1059 3952 1118 4004 aliis
1131 3951 1231 4004 codici·

96 4052 142 4104 bus
160 4051 262 4118 majore
280 4062 339 4099 cum
358 4045 515 4107 detrimento
539 4039 567 4090 id
592 4034 748 4090 beneficium
774 4035 936 4098 denegetur,
968 4022 1124 4095 praesertim
1150 4037 1228 4088 quum

98 4124 171 4176 etiam
190 4119 236 4174 aiii
255 4119 298 4170 his
316 4117 344 4168 in
362 4112 456 4165 studiis
473 4125 588 4164 summae
606 4103 773 4157 auctoritatis
791 4100 842 4151 viri
860 4097 956 4150 nostris
974 4090 1135 4159 temporibus
1153 4089 1179 4139 in
1198 4090 1229 4140 li-

98 4191 150 4245 bris
168 4197 291 4244 veterum
318 4203 334 4238 s
355 4181 492 4234 codicibus
511 4179 577 4233 ltiss.
604 4175 713 4245 primum
738 4168 845 4222 edendis
870 4166 968 4219 versati
988 4177 1062 4228 quam
1079 4157 1230 4211 fidelissime

99 4259 225 4329 prisseio
246 4254 366 4311 editione
385 4250 503 4309 codicum
522 4245 679 4335 scripturam
698 4239 858 4294 reddendam
876 4252 934 4288 esse
953 4228 1111 4284 seruauerint.
