2942 4900
214 209 279 276 184
527 204 572 264 De
593 199 716 264 dialecto
734 194 905 260 Herodutes
925 193 972 259 ii’o.
993 194 1031 255 II.

216 355 1349 443 mmmnnmmmnmwmmnmn

212 473 258 528 11.
283 455 419 542 Καρινάς
438 459 461 520 I.
483 463 542 519 111.
567 460 628 516 113.
671 446 743 530 Isioi,
765 443 856 530 ἐάσας
877 452 907 506 et
921 448 999 506 *uliae
1019 447 1102 522 hujus
1122 442 1203 503 verbi
1224 444 1349 503 formae.

189 542 193 546 ⁵
215 541 340 630 μάλλον.
361 550 492 607 θᾶσσον.
513 546 606 605 πάσα.
627 533 820 619 ναρᾶδοιιίειν
841 531 1086 611 (1711163168).
1111 532 1235 612 Κρᾶθις
1249 527 1273 587 Ι.
1283 533 1349 590 146.

147 677 150 684 ·
216 637 319 713 φάρος
339 630 376 691 II.
398 636 459 690 111.
479 627 529 686 IX.
551 628 603 684 109
625 630 654 682 et
675 623 730 681 alia
749 617 899 698 permulto.
1219 694 1239 703 -
1319 681 1323 684 ¹

300 717 377 791 Sed,
407 713 485 791 quod
506 712 630 770 fortasse
649 707 763 765 minime
785 700 1018 780 exspeotaveris,
1039 699 1200 775 etiampro
1222 723 1244 762 u
1263 697 1350 757 brevi

216 800 387 878 quibusdum
405 798 434 855 in
454 795 571 870 vocibus
592 793 677 852 Iones
698 789 921 861 Herodotusqne
940 784 963 863 ᾖ
979 788 1155 860 posuerunt,
1170 789 1213 840 ¹ut
1231 785 1351 844 inverso

216 870 302 943 niodo
322 902 376 964 pro
398 882 419 962 V
440 880 616 960 quorundum
636 873 840 934 vocabulorum
861 870 993 932 ebreus.
1036 866 1144 926 Prioris
1164 868 1280 942 generis
1298 887 1355 926 ox-

217 966 310 1046 empIa
331 972 411 1026 sunt:
439 959 599 1041 διπλήσιος
614 960 665 1022 Ill.
689 965 749 1018 130.
776 956 825 1019 IV.
846 959 896 1014 68.
923 951 971 1010 VI.
994 955 1028 1012 57
1046 950 1100 1011 bis.
1131 956 1192 1011 133.
1225 950 1288 1010 VII.
1310 957 1352 1011 23

216 1051 270 1113 bis.
291 1056 354 1116 103.
376 1049 451 1108 VIII.
474 1051 536 1109 137.
568 1046 605 1105 ct.
630 1042 763 1123 Apollon.
782 1041 813 1098 in
830 1038 921 1100 Bekk.
945 1037 1051 1096 nuent.
1073 1056 1103 1113 p.
1125 1040 1194 1110 494,
1216 1042 1263 1096 10.
1282 1042 1350 1111 600,

195 1189 199 1196 .
216 1137 261 1195 17.
288 1136 377 1211 Greg.
400 1134 469 1196 Cur.
489 1153 520 1211 p.
538 1135 591 1191 617
607 1126 760 1207 (Schaet).
788 1115 995 1200 πολλαπλήσια
1015 1120 1065 1181 III.
1089 1125 1158 1195 136,
1187 1121 1231 1178 sin
1251 1120 1348 1181 Bekk.

215 1236 279 1278 uum
302 1217 389 1277 codd.
410 1216 445 1277 P.
462 1217 501 1276 K.
520 1216 558 1274 V.
579 1213 617 1271 F.
639 1203 835 1289 παραπλήσια
853 1206 928 1266 Gsf.
942 1213 972 1265 et
993 1206 1026 1262 S.
1047 1204 1258 1282 πολληπλησία
1279 1223 1350 1282 por-

215 1322 299 1362 verse
319 1303 459 1361 editiones
482 1303 593 1360 veteres
623 1297 677 1374 (cf.
701 1295 776 1358 Lob.
798 1295 919 1368 Purerg.
938 1309 967 1368 p.
989 1294 1057 1364 063,
1085 1289 1134 1374 ubi
1157 1290 1272 1366 quidem
1292 1306 1349 1366 pro

214 1387 238 1446 Ι.
257 1392 308 1445 156
330 1386 511 1444 scribendum
533 1389 596 1443 erut
615 1381 667 1444 III.
690 1385 752 1440 136.
795 1378 882 1446 Quod
903 1381 997 1436 antem
1017 1371 1191 1432 Gaisfordus
1212 1371 1350 1449 credidit,

214 1471 317 1546 Iones,
347 1489 433 1548 quum
454 1462 677 1546 antepenultima
701 1465 780 1523 vocis
801 1462 883 1537 hujus
905 1460 1113 1537 corriperetur,
1135 1452 1351 1522 πολλαπλάσια

214 1573 274 1612 non
294 1548 501 1632 πολλαπλήσια
520 1552 645 1625 dixisse,
674 1549 856 1609 manifestum
877 1549 941 1620 est,
967 1545 1115 1619 ignorasse
1136 1542 1213 1600 ilium
1239 1543 1269 1600 in
1293 1543 1351 1601 true

214 1644 245 1696 et
264 1637 402 1697 similibus
424 1639 541 1696 vocibus
558 1635 755 1694 Herodoteum
776 1631 932 1706 Ionumqne
953 1626 1070 1705 nsum).
1112 1627 1163 1686 IV.
1181 1634 1216 1685 60
1238 1631 1350 1689 πολλα.

140 1743 143 1748 *
214 1714 328 1799 πλήσια
342 1721 500 1782 Bekkerus.
524 1721 579 1780 Alii
600 1739 664 1778 cum
681 1719 747 1777 cod.
763 1718 795 1774 S.
816 1708 1033 1792 πολληπλήσια.
1056 1711 1116 1770 Sed
1134 1712 1199 1770 cod.
1213 1710 1250 1770 F.
1268 1717 1349 1771 rorte

214 1801 431 1886 πολλαπλήσια.
467 1806 561 1869 onst.
587 1805 624 1863 al.
643 1804 717 1862 mute
742 1792 960 1863 πολλαπλάσια.
1006 1797 1043 1856 V.
1070 1802 1106 1855 43
1137 1792 1351 1875 πολλαπλήσια

214 1888 309 1947 Bekk.
335 1889 371 1950 ul.
400 1907 463 1951 oum
489 1893 520 1951 8.
548 1889 583 1948 V.
605 1888 639 1948 P.
664 1887 703 1946 F.
724 1885 818 1946 Paris
861 1877 1068 1947 πολλαπλάσια
1093 1881 1158 1939 110.
1187 1881 1281 1938 Gsisf.
1308 1881 1348 1945 ai.

214 1971 279 2032 VII.
301 1977 354 2032 160
372 1975 499 2038 Bekker.
519 1980 598 2034 reete
619 1970 844 2048 πολλαπλησίης
861 1968 988 2045 reposuit
1016 1985 1070 2045 pro
1095 1966 1215 2043 vulgato
1235 1970 1351 2027 πολλα-

175 2135 181 2140 ,
214 2057 352 2136 πλοοίης.
384 2059 472 2117 VIII.
499 2067 534 2119 10
555 2056 782 2134 πολλαπλησίας
803 2053 897 2112 Bekk.
927 2051 965 2111 nl.
994 2068 1058 2110 oum
1080 2051 1166 2110 codd.
1189 2050 1228 2108 M.
1252 2050 1286 2109 Ρ.
1308 2050 1351 2111 Κ.

214 2140 439 2211 πολλαπλασίας
463 2144 527 2201 Gsi.
556 2142 599 2201 al.
621 2159 685 2200 curu
706 2139 742 2197 F.
768 2140 801 2198 S.
852 2136 912 2194 Sed
941 2153 1041 2195 ornnes
1069 2151 1180 2193 summo
1204 2143 1353 2193 consensu

215 2226 278 2285 VII.
304 2227 341 2283 48
366 2221 588 2301 πολλαπλάσιον
613 2225 816 2297 exhibuerunt,
844 2227 877 2279 ut
904 2220 1112 2299 πολλαπλησίη
1134 2217 1209 2279 VIII.
1232 2223 1305 2295 140,
1333 2224 1351 2277 1

215 2307 423 2388 (παραπλησίη
445 2311 509 2373 cod,
529 2311 573 2386 S.)
595 2316 624 2369 et
645 2313 706 2368 143.
726 2338 771 2352 --
791 2295 970 2383 ἑξαπλήσιον
991 2303 1039 2363 IV.
1058 2310 1103 2365 81.
1125 2298 1351 2381 πενταπλήσιον

214 2393 265 2453 VI.
288 2395 330 2453 13.
350 2421 394 2436 -·
434 2390 521 2452 Falso
543 2400 638 2455 autem
661 2399 749 2472 utque
769 2391 949 2472 ineptissime
970 2391 1110 2468 quosdam
1129 2391 1160 2449 in
1184 2388 1265 2447 locos
1287 2388 1352 2453 He·

217 2478 354 2536 rodoteos
372 2471 562 2554 πεντηκάοιοι
585 2486 615 2537 et
635 2469 849 2558 τεσσεράκοντα
864 2495 918 2552 pro
940 2471 1136 2538 πεντακόσιοι
1154 2480 1185 2535 et
1203 2469 1351 2555 τεσσερά-

215 2583 311 2623 κοντα
332 2559 430 2634 illsta,
444 2564 529 2637 atque
551 2580 640 2639 usque
662 2558 741 2622 hune
757 2562 795 2621 ad
816 2561 891 2620 diem
912 2559 959 2619 hie
979 2560 1171 2620 illieservara
1191 2566 1268 2616 sunt.
1300 2561 1353 2618 Sic

215 2645 266 2704 IV.
288 2650 325 2704 90
344 2645 417 2703 mole
439 2644 524 2720 vuigo
546 2645 650 2720 legitur
667 2643 902 2727 τεσσεράκοντα,
931 2645 1010 2747 (puori
1025 2650 1106 2703 λαοια
1127 2649 1206 2702 reete
1226 2642 1354 2722 scripto·

216 2749 279 2788 rum
303 2727 496 2806 exemplorum
516 2728 692 2789 multitudine
719 2730 754 2808 (1.
778 2737 813 2789 14
829 2748 1055 2809 τεσσεράκοντα.
1081 2726 1103 2786 1.
1132 2733 1178 2790 31,
1205 2730 1352 2792 106166.

215 2812 1352 2894 nfflnnnmnffimnnwnnffinffi

217 2900 263 2963 13.
284 2896 346 2958 159.
368 2896 401 2954 V.
422 2902 467 2957 52.
488 2901 531 2956 54.
553 2900 597 2954 64.
618 2893 669 2953 VI.
692 2901 733 2953 15.
754 2903 815 2958 119.
832 2897 902 2957 VII.
922 2902 982 2962 187.
1003 2897 1078 2959 VIII.
1098 2902 1123 2958 l.
1145 2901 1205 2956 ll5.
1226 2894 1278 2959 IX.
1300 2898 1351 2972 27)
1380 2923 1388 2934 ·

216 2982 363 3054 obruitur,
391 2986 422 3037 ut
443 2977 512 3037 nihil
532 2978 662 3037 relictum
683 2978 721 3035 sit
742 2980 838 3058 dpbii,
868 2983 937 3059 quin
958 2983 1053 3040 statim
1078 2982 1106 3040 iu
1131 2975 1354 3060 τεσσεράκοντα

216 3065 383 3124 mutandum
398 3063 447 3138 sit,
466 3068 552 3139 atque
571 3061 642 3119 iliud
653 3078 829 3138 'perversum
850 3062 1067 3148 τεσσεράκοντα
1087 3068 1117 3124 in
1138 3066 1352 3125 similitudinem

152 3158 157 3171 “
216 3146 337 3207 eliorum
368 3144 554 3204 numeralium
582 3141 760 3225 τριήκοντα,
790 3142 973 3227 τριηκόσιοι,
1003 3146 1156 3228 διηκόσιοι
1184 3142 1351 3227 corruptum

173 3294 178 3297 ⁷
216 3232 318 3303 iuerit;
340 3231 418 3309 quod
439 3230 515 3290 idern
533 3236 565 3289 et
584 3231 621 3289 de
642 3230 733 3289 altero
755 3248 891 3308 perverso
909 3231 1102 3310 memoriosus
1121 3237 1205 3295 valet.
1242 3234 1293 3298 111,
1317 3238 1352 3293 13

217 3312 417 3397 πένιηιιοοίας
437 3313 619 3394 presignare
640 3333 717 3372 nuno
738 3313 816 3390 vulg.
837 3333 900 3371 cum
919 3316 954 3375 P.
974 3319 1009 3379 F.
1033 3318 1124 3380 Paris'.
1152 3319 1208 3376 Atii
1223 3338 1294 3377 suun
1316 3320 1352 3377 S.

216 3411 294 3460 recte
320 3399 527 3472 πεντακοσίας.
570 3397 633 3458 VII.
655 3403 706 3458 186
733 3398 934 3475 πενιηκοσίας
962 3400 1110 3482 μυριάδας
1137 3403 1210 3462 mute
1239 3402 1352 3478 vulgat.

216 3484 277 3545 Sed
291 3486 402 3546 coos.
416 3483 627 3556 πεντακοσίας.
669 3481 718 3540 IX.
740 3487 776 3542 18
797 3483 885 3562 χίλιοι
905 3483 956 3545 κοιλ
975 3482 1168 3566 πινιηκάσιοι
1187 3504 1263 3545 nune
1281 3486 1351 3545 vni..

216 3582 267 3646 go,
290 3590 378 3647 quum
391 3565 459 3643 Ain,
480 3566 517 3627 al.
538 3587 602 3627 oum
622 3567 686 3625 eod.
701 3567 733 3630 8.
747 3582 845 3624 verum
859 3561 1069 3638 πενιαιιάσιοις
1086 3572 1191 3632 ibidem
1206 3565 1353 3652 Ἀμπρα-

216 3651 346 3732 κιητέων
367 3645 558 3730 πεντηκάσιοι
578 3657 609 3709 et
624 3647 808 3732 Αἰγινητέων
829 3646 1027 3731 πεντηκάσιοι
1047 3672 1124 3712 nunc
1141 3656 1218 3732 rutg.
1240 3675 1305 3713 oum
1314 3655 1353 3718 P.

216 3735 266 3812 F.,
289 3738 341 3795 sed
364 3737 431 3795 edd.
450 3742 519 3795 vett.
541 3754 604 3796 cum
621 3735 685 3795 cod.
700 3736 732 3795 S.
753 3730 947 3798 πεντακόσιοι
961 3737 1128 3814 utrobique.
1163 3737 1280 3805 Insliis
1299 3759 1352 3798 au-

219 3825 278 3879 tem
305 3820 437 3880 omnibus
465 3820 537 3879 Iocis
565 3838 664 3879 omnes
693 3819 876 3878 consentiunt
895 3822 925 3878 in
947 3838 1017 3881 rere
1036 3818 1128 3881 formu
1154 3816 1353 3886 πεντακόσιοι

217 3902 399 3981 praebenda,
429 3904 516 3962 veluti
543 3904 567 3966 Ι.
589 3910 634 3965 31.
661 3907 705 3962 96.
732 3902 782 3964 1Π.
804 3907 849 3967 90.
875 3906 920 3965 91.
952 3905 1003 3969 VI.
1024 3910 1071 3968 91.
1099 3905 1148 3967 IX.
1170 3909 1214 3966 19.
1238 3910 1283 3970 39.
1302 3911 1350 3972 99.

217 3986 317 4047 Possis
347 3989 462 4066 quidem
485 4007 570 4046 unum
592 3987 775 4046 Homericum
804 3988 909 4047 afferre
930 3991 1088 4069 exemptum
1107 3993 1217 4048 formae
1237 4011 1352 4067 πεντη-

218 4066 329 4149 πάσιοι,
350 4074 460 4151 Outyss.
480 4070 537 4144 III,
558 4073 586 4145 7,
607 4070 657 4129 ubi
677 4066 844 4130 Nitzsohius
866 4070 920 4130 hau
939 4076 1032 4133 forms
1048 4075 1177 4134 offensus
1197 4088 1352 4150 πεντηκο-

216 4152 289 4228 orric
308 4173 450 4234 reponere
472 4153 587 4225 maluit3
615 4156 668 4213 sed
690 4155 802 4213 etiamsi
823 4155 1071 4234 tibi-concedam,
1097 4158 1137 4217 ibi
1158 4151 1355 4235 πινιηνιάσιοι

216 4240 369 4316 genuinum
390 4256 473 4316 esse,
502 4254 673 4317 quemquem
693 4231 904 4315 πεντακόσιοι,
930 4260 1016 4320 quum
1035 4242 1058 4305 α
1079 4244 1110 4304 iu
1129 4241 1188 4301 ursi
1212 4240 1251 4301 sit
1271 4242 1353 4321 posi·
