2942 4900
227 225 292 291 130
540 218 587 279 De
605 217 728 277 dialecto
750 214 919 275 Herodotus
938 212 988 276 lib.
1008 211 1046 271 II.

225 396 290 461 VII.
312 396 364 454 183
389 390 427 451 οέ.
451 387 553 466 saepo.
574 380 654 462 Byr.
667 404 691 444 s.
713 401 741 440 v.
767 377 955 443 Καπαναία.
988 409 1025 423 -
1059 368 1166 456 ’Τίαίη
1183 379 1214 454 et
1232 367 1383 466 ‘Ytaetqv

225 482 274 542 IV.
297 483 325 539 9.
351 480 393 538 18.
414 478 459 533 54.
481 479 525 531 55.
547 476 581 532 76
608 471 645 529 cf.
665 466 767 543 Steph.
789 466 862 542 Byn.
885 484 911 522 s.
930 483 958 526 v.
978 455 1074 524 ‘utta
1118 460 1257 519 Similiter
1267 457 1368 541 Ἴχναι

228 564 281 644 (cf,
301 559 412 620 Herod.
430 557 500 616 VII·
518 553 584 632 123)
606 560 636 614 et
650 547 769 632 Ἰνχαίη
796 550 833 609 cf.
856 549 940 607 sud.
962 566 987 605 s.
1009 565 1038 609 v.
1066 544 1192 623 noyon
1210 551 1240 604 et
1260 545 1369 624 Steph.

226 629 524 722 Byn.s.v.''1uci.
551 672 595 684 -
635 637 696 695 Sed
717 629 850 715 Γρῦνεια
872 636 1129 711 proparoxytonou
1151 630 1292 707 scriptun
1312 649 1368 689 ex-

230 736 289 790 stat
314 730 338 788 I.
359 730 420 786 149.
515 721 599 786 'deva
620 722 669 780 IV·
690 725 721 779 8.
760 715 880 796 Σήιιεια
899 716 947 775 VI.
969 720 1013 780 77.
1051 713 1210 795 Αίγίίειαν
1227 712 1280 772 VI.
1299 717 1366 774 107.

233 812 405 895 Προμένεια
424 809 461 870 II.
475 815 518 869 55.
535 801 567 869 'I
591 805 721 887 ιγένειαν
743 804 791 866 IV.
808 807 868 862 103.
889 793 1079 882 Μαρώνειαν
1099 798 1159 857 VII.
1183 802 1246 860 100.
1269 792 1367 876 Kaip-

230 902 317 981 βρεια
335 902 366 955 et
386 892 491 956 Αίνεια
507 892 574 951 VII.
586 897 648 951 123.
663 882 807 971 Ἐλάτεια
817 885 893 945 VIII.
902 890 946 946 33.
972 882 1104 947 Θέσπεια
1123 882 1197 945 VIII.
1210 889 1255 942 50.
1280 888 1366 944 utve-

229 979 331 1050 ιώίεια
349 978 423 1038 VIII.
446 982 480 1038 76
497 976 551 1035 uis.
573 980 618 1037 aa.
641 966 796 1053 Λεβάδεια
815 970 892 1028 VIII.
915 974 975 1029 134.
997 1002 1034 1012 -
1057 968 1110 1027 His
1131 967 1263 1025 omnibus
1284 967 1366 1045 posi·

170 1057 174 1062 ⁴
231 1069 270 1126 tis
298 1064 354 1124 alia
381 1067 448 1120 sunt
475 1058 739 1130 commemoranda,
766 1056 815 1115 ubi
839 1055 979 1132 scriptura
1005 1053 1146 1111 immerito
1173 1052 1283 1125 variat,
1313 1056 1368 1109 ant

232 1148 348 1209 omuino
367 1145 397 1204 in
417 1145 550 1214 vitiosam
569 1142 713 1220 quandam
736 1142 857 1199 formam
875 1139 1038 1198 aberratum
1059 1143 1120 1219 est.
1156 1136 1206 1193 Sic
1219 1133 1297 1198 vffl.
1313 1137 1368 1193 127

233 1230 328 1310 (init.)
350 1230 425 1288 male
445 1226 590 1303 vulgutum
612 1232 657 1285 est
677 1220 734 1304 ιήν
758 1224 945 1299 Ποιιδαίην,
963 1240 1050 1299 quum
1066 1240 1124 1279 non
1146 1220 1200 1277 lroc
1220 1219 1313 1278 solum
1335 1218 1368 1275 in

236 1318 300 1376 loco
322 1313 387 1375 cod.
408 1330 435 1371 a.
456 1329 553 1369 verum
570 1309 740 1371 Ποτίδαιαν
760 1308 942 1386 praebuerit,
970 1307 1024 1364 sed
1045 1307 1132 1364 etiarn
1154 1323 1218 1380 cap.
1239 1307 1291 1363 128
1308 1295 1368 1380 τήν

236 1399 406 1462 Ποτίδαιαν
430 1412 529 1452 omnes
558 1393 724 1463 exhibeam
752 1394 819 1450 vide
839 1397 870 1451 et
888 1390 991 1468 steph.
1012 1388 1083 1464 Byz.
1106 1408 1131 1452 ο.
1150 1403 1179 1451 v.
1201 1387 1368 1450 Ποτίδαια.

234 1485 281 1544 De
307 1482 379 1540 urbe
408 1477 540 1536 Phocaea
567 1477 638 1536 haec
670 1477 742 1536 dixit
767 1475 870 1556 Steph.
895 1475 966 1550 Byr.
1010 1470 1155 1542 Φώκαια,
1183 1467 1272 1543 adise
1299 1463 1368 1532 'Ior-

235 1568 322 1640 νίας,
347 1556 642 1703 Ἦρίδοιοέιιρώιη.
686 1560 816 1643 Λέγεται
844 1559 895 1621 καί
925 1558 1050 1648 Φωκαίη
1078 1552 1129 1620 διώ
1154 1559 1210 1619 τοῦ
1227 1556 1259 1634 ἦ.
1301 1554 1370 1652 Nec

204 1667 207 1677 ·
235 1670 305 1710 vero
329 1646 471 1707 etiam'ab
522 1646 644 1704 erodoto
666 1644 793 1722 Φαααίη
816 1646 922 1703 dictum
943 1661 1008 1702 esse
1026 1643 1132 1718 tradit,
1153 1640 1206 1706 sed
1227 1650 1369 1715 esse'qur

236 1736 323 1795 etiam
347 1731 472 1809 Φακαίη
493 1730 630 1800 dixerint3
653 1748 725 1806 quos
744 1747 762 1785 a
782 1728 930 1806 Stephano
952 1727 1104 1810 oppositos
1122 1725 1275 1784 Herodoto
1298 1741 1370 1801 pro-

236 1818 357 1877 babilius
372 1816 512 1890 v'nleatur,
534 1832 618 1891 quiam
638 1812 713 1891 hune
733 1813 789 1870 illis
808 1813 970 1889 adjunctum
984 1831 1061 1872 esse.
1104 1809 1203 1878 Quare
1215 1826 1275 1868 nou
1290 1811 1370 1866 recte

236 1901 407 1980 quibusdam
427 1900 456 1958 iu
476 1898 547 1956 locis
561 1897 737 1964 Herodoteis
762 1896 891 1973 Φωκαίη
912 1913 988 1954 nunc
1004 1895 1060 1971 legi
1082 1900 1172 1974 puto;
1194 1909 1262 1951 nam
1282 1908 1370 1968 prae·

235 1993 365 2065 terquam
385 1983 463 2061 quod
484 1982 547 2041 aliis
565 1982 596 2039 in
614 1981 684 2039 lucis
713 1999 813 2039 omnes
843 1972 986 2052 Φώκαια,
1012 1984 1131 2038 αοοεοίο
1150 1980 1295 2046 retracto,
1319 1993 1369 2033 re·

235 2072 345 2143 tinent,
367 2070 451 2127 etiam
472 2065 520 2124 alii
541 2084 656 2140 omnes,
679 2083 754 2142 quos
769 2064 900 2140 equidem
920 2063 1027 2135 sciam,
1047 2062 1224 2138 antiquiores
1243 2059 1370 2136 scripto·

236 2174 285 2214 res
310 2153 362 2230 (cf.
378 2151 465 2227 Hym.
484 2148 569 2234 Hom.
590 2150 619 2206 in
641 2148 738 2225 Apoll.
758 2153 802 2210 35.
829 2146 962 2223 Thueyd.
983 2146 1066 2219 VIII,
1086 2150 1122 2206 31
1142 2152 1173 2203 et
1191 2141 1273 2221 alibi)
1294 2141 1370 2200 hanc

237 2239 408 2313 scripturam
424 2232 515 2291 solam
530 2237 714 2309 usurparunt.
757 2231 807 2288 Sic
823 2232 900 2307 apud
914 2231 1096 2289 Herodotum
1110 2247 1208 2288 ornnes
1223 2219 1370 2301 Φώκαιαν

236 2322 261 2379 1.
283 2326 345 2378 152.
370 2311 496 2379 Φώκαια
517 2315 540 2375 l.
563 2321 614 2376 142
638 2321 680 2386 (et
700 2314 741 2373 sic
760 2315 840 2372 Suid.
861 2333 886 2373 s.
907 2332 935 2378 v,
952 2307 1082 2394 Ἰωνία).
1107 2313 1145 2375 II.
1166 2317 1228 2374 106.
1256 2316 1310 2372 173
1327 2316 1371 2382 (et

236 2405 293 2463 Iroc
314 2421 349 2461 ex
368 2400 434 2459 Ioco
453 2399 534 2463 Eust.
553 2401 590 2457 ad
609 2398 644 2457 II.
667 2391 695 2480 β’
713 2418 743 2476 p.
761 2403 816 2459 314
830 2423 874 2453 =
888 2403 952 2474 238,
973 2399 1039 2459 vide
1058 2399 1181 2458 eundem
1202 2396 1259 2458 loc.
1283 2413 1370 2474 supra

236 2488 315 2547 laud.
338 2484 389 2558 (ad
405 2484 441 2542 Il.
461 2478 491 2565 β’
511 2503 540 2561 p.
558 2488 611 2542 280
623 2510 668 2537 =
681 2488 758 2557 212).
777 2515 822 2528 -
841 2482 888 2541 VI.
911 2487 943 2543 17
964 2478 1103 2547 Φώκαιαν
1119 2484 1186 2546 cdd.
1208 2499 1320 2555 omues,
1340 2488 1370 2540 et

238 2571 324 2631 codd.
345 2574 461 2646 praeter
480 2568 526 2642 1³„
547 2566 603 2645 qui'
619 2566 746 2631 Φακέαν
766 2569 840 2628 male
861 2567 993 2627 emunit
1035 2569 1096 2628 Sed
1115 2568 1138 2631 1.
1158 2572 1195 2626 80
1221 2565 1369 2643 Φωκαίην

236 2654 383 2731 vulgatum
403 2656 449 2712 est
465 2670 528 2711 cum
548 2652 632 2715 codd.
654 2652 694 2714 ni.
712 2652 750 2711 K.
772 2653 808 2712 F.
829 2651 973 2731 (Φωκίην
993 2650 1057 2710 Ald.
1077 2653 1110 2713 S.
1130 2652 1164 2711 V.
1186 2652 1216 2710 b.
1238 2669 1267 2712 e.
1290 2652 1369 2724 ,do-

236 2740 313 2802 κίων
333 2740 378 2815 δ.)
394 2743 425 2797 et
444 2737 467 2794 I.
491 2736 714 2815 rarusculos
733 2741 765 2795 et
782 2737 807 2796 1.
829 2741 880 2796 165
901 2742 962 2809 tm,
989 2736 1065 2795 nulla
1088 2737 1181 2795 codIc·
1203 2735 1277 2797 nass.
1299 2735 1369 2793 scri·

237 2831 340 2902 ptorae
368 2823 512 2881 mentione
539 2822 632 2888 ἱρείας
657 2820 764 2897 quibus
788 2822 904 2897 quidem
928 2821 1054 2897 quinque
1068 2820 1107 2878 iu
1126 2820 1197 2879 locis
1221 2812 1369 2881 Φώκαιαν

237 2907 434 2985 reponendum
454 2923 521 2963 esse
539 2906 660 2982 opinor;
685 2923 855 2982 quamquam
878 2905 907 2964 in
928 2906 1036 2964 nostris
1055 2903 1206 2965 Strabonis
1225 2903 1371 2982 exenqih·

237 2992 318 3049 ribus
345 2990 433 3064 vulgo
458 2989 586 3049 Φωκαέα
605 2994 804 3065 paroxytonou
833 2996 863 3050 et
886 2990 1032 3053 Φωκαίαν
1052 2990 1196 3062 scribitur,
1217 2988 1285 3048 vide
1304 2987 1368 3046 libr.

238 3075 315 3146 XIV,
336 3094 366 3151 p.
385 3066 447 3132 647.
460 3077 527 3134 633.
549 3076 602 3133 663
617 3079 648 3132 et
667 3072 744 3138 alibi.
765 3108 809 3121 -·
840 3073 883 3133 Ac
898 3068 1024 3152 pessime
1044 3073 1080 3138 V.
1100 3078 1137 3135 43
1155 3073 1249 3132 ause
1265 3072 1370 3148 aliique

240 3158 392 3216 ediderunt
406 3148 589 3236 Ἧρακίηΐην
609 3152 665 3235 νην
683 3156 716 3220 έν
735 3158 872 3239 Σικελίη,
899 3176 954 3218 nec
976 3158 1068 3217 midas
1088 3157 1162 3217 male
1185 3164 1231 3215 est
1251 3157 1282 3215 in
1303 3156 1369 3218 ccd.

238 3241 276 3304 S..
293 3238 468 3320 Ἡρακλείην
488 3236 544 3320 την
565 3241 597 3304 έν
618 3241 759 3325 Σικελία,
787 3244 839 3300 sed
859 3243 947 3302 codd.
968 3241 1004 3300 V.
1022 3242 1060 3302 Κ.
1083 3241 1120 3302 F.
1137 3242 1169 3301 b.
1185 3240 1370 3320 Ἡρακλείαν

239 3324 304 3400 (οιιί
318 3319 526 3404 Ἡράκλειαν)
552 3345 627 3404 quae
653 3326 737 3402 hujus
764 3325 842 3393 urbis
863 3326 956 3386 forma
971 3319 1157 3406 Ἠρώκλιια,
1185 3326 1284 3385 ultima
1306 3342 1371 3384 cor·

239 3414 324 3487 repta
345 3415 375 3468 et
395 3410 616 3487 antepenultima
636 3417 756 3469 accentu
777 3415 895 3484 notata,
917 3416 949 3469 ut
969 3412 1045 3488 apud
1065 3412 1138 3471 ali0s
1160 3429 1260 3470 omnes
1276 3409 1371 3468 Graa-

239 3513 289 3552 cos
310 3494 467 3571 scriptores
487 3493 538 3572 (cf.
559 3494 660 3573 Steplu.
682 3493 753 3570 Byz.
777 3514 805 3553 a.
824 3495 867 3572 v.)
895 3497 937 3554 sic
957 3497 1042 3553 etiam
1062 3495 1092 3554 in
1112 3500 1213 3561 nostro
1233 3494 1371 3554 Herodo-

238 3584 288 3637 teo
312 3579 378 3637 loco
400 3596 465 3636 cum
483 3579 618 3636 Bellero
642 3577 708 3636 sola
734 3583 781 3635 est
808 3580 967 3638 retinenda.
993 3610 1038 3624 ·-
1077 3580 1139 3639 Sad
1154 3574 1250 3639 'valde
1272 3579 1372 3653 miror,

240 3679 339 3748 omnes
357 3662 386 3719 in
405 3661 536 3720 vitiosam
557 3663 726 3741 scripturam
748 3664 894 3742 Μηδείην
907 3662 946 3740 (I.
960 3664 993 3739 2)
1012 3665 1205 3739 consensisse,
1222 3664 1276 3722 nisi
1293 3662 1371 3741 quod

242 3746 326 3804 codd.
348 3746 379 3802 S.
401 3743 434 3802 V.
456 3745 483 3803 b.
512 3745 643 3824 Μηδίην
673 3764 765 3824 aeque
791 3748 983 3807 damnandum
1010 3749 1205 3825 praebuerunt
1234 3746 1314 3826 (VII.
1336 3753 1396 3808 62

241 3830 385 3909 Μηδείης
404 3828 481 3905 vulg.
504 3848 567 3887 cum
588 3831 621 3894 S,
644 3830 773 3910 Μηδέης
793 3831 828 3892 Ρ.
847 3831 898 3910 F.)
921 3850 1006 3909 quum
1027 3852 1077 3892 cnr
1097 3832 1268 3892 Herodotus
1289 3833 1371 3892 aliter

240 3920 327 3990 atque
343 3913 497 3991 Euripides
517 3912 622 3988 aliique
649 3932 750 3974 omnes
774 3916 879 3976 Graeci
907 3916 1064 3993 scriptores
1083 3915 1140 3976 hoc
1162 3934 1268 3975 nomeu
1288 3936 1371 3976 usur·

240 4017 329 4075 passe
353 3998 514 4056 censendus
540 3997 580 4053 sit
600 3996 677 4055 nulla
699 4005 839 4077 appareat
859 4000 963 4059 idonea
984 4019 1087 4072 causa3
1115 4018 1205 4077 qnare
1224 3995 1372 4079 Μήδειαν

240 4081 332 4140 solum
353 4099 451 4140 verum
472 4081 620 4157 solumque
636 4080 736 4141 hocin
755 4083 821 4142 loco
840 4085 906 4162 ipso
927 4083 965 4144 ab
985 4085 1139 4145 Herodoto
1156 4085 1290 4163 positum,
1307 4104 1372 4145 esse

240 4165 308 4224 milri
327 4164 573 4245 persuasissimum
595 4170 654 4235 est3
681 4185 715 4225 ac
734 4186 899 4245 perversum
925 4169 1087 4249 Μηδείην,
1114 4175 1147 4228 nt
1166 4168 1271 4229 similia
1290 4171 1371 4249 vitia,

241 4251 280 4308 ab
299 4251 335 4309 iis
351 4248 470 4326 conjicio
491 4247 569 4308 illata
587 4268 651 4309 esse
670 4250 812 4327 librariis,
837 4253 886 4330 qui
908 4259 940 4314 ut
960 4248 1010 4311 laic
1026 4253 1144 4331 genitivi
1164 4255 1259 4315 forma
1280 4253 1374 4315 Herc·
1406 4242 1409 4253 ³
