2942 4900
434 159 481 219 De
500 160 624 220 dialecto
645 162 811 222 llerodoten
831 163 879 221 lib.
901 160 938 226 ll.
1194 159 1259 224 215

102 325 177 385 vll.
198 329 259 385 198.
280 324 357 385 Vlll.
381 329 433 384 129
453 326 492 388 cf.
514 320 590 384 Lob.
612 326 719 403 Phryn.
741 348 770 405 p.
788 333 851 391 340.
885 360 919 372 -·
958 329 984 386 1.
1006 335 1056 400 181
1080 324 1257 410 cinnoente}-

79 433 176 490 ,ριοι
197 415 227 469 et
248 399 451 488 άμτιαάονται.
472 443 517 454 -
532 416 598 470 «182
620 404 818 487 ἀμπαύεσθαι
840 428 915 470 nnnc
936 414 1012 489 iulg.
1036 415 1088 473 sed
1106 417 1193 472 codd.
1212 417 1253 493 ld.

103 495 150 553 K.
169 495 205 556 F.
228 513 256 552 a.
277 513 304 558 c.
330 495 471 571 praebent
496 485 728 567 άνανιαάεσθαι;
759 505 797 575 nt
820 496 843 554 l.
871 504 905 556 12
930 517 1028 555 ornnes
1057 490 1252 577 άνατιαοομὲ·

45 599 50 605 ·
103 602 169 642 νου
197 585 228 637 et
247 578 289 639 ll.
309 583 345 637 96
367 569 563 640 άναῖταάεται.
609 579 646 643 ll.
668 588 685 640 2
712 574 770 643 δύο
792 577 904 664 νεογνά
925 582 1052 660 vulgat„
1078 583 1130 641 sed
1151 581 1253 642 Pollux

103 663 151 740 11,
172 684 202 743 p.
225 666 270 733 69,
293 671 328 722 26
350 661 482 742 (Seber.)
499 657 629 744 νεόγονα
651 664 697 723 hic
716 668 861 745 reperiere
882 667 1010 740 videtur,
1038 686 1094 725 non
1117 667 1251 726 Herodo-

105 754 189 807 teum
218 742 357 827 (ἄμεινον
386 740 419 815 δ’
448 741 543 810 cultori
570 744 603 812 τὸ
630 741 705 828 παρ’
725 743 880 835 Ἦροιλάτρο
902 746 1056 832 νεόγονον.
1094 746 1169 813 ἄλλά
1197 750 1249 812 καλ

105 836 200 895 τοῦτο
225 826 378 909 Ἰωνικόν)
412 832 449 893 οῖ.
476 833 573 892 Schol.
603 832 750 912 Aristoph.
779 834 858 895 Nub.
886 839 947 894 397.
987 835 1187 913 Hym.·H01n.
1219 837 1248 894 in

89 918 179 977 ‚Ceu
205 923 265 976 141.
297 918 325 974 in
344 917 432 998 lderc.
454 923 515 978 406.
551 953 579 961 -
619 919 658 976 Et
684 918 784 977 Pollux
806 921 869 997 ipse
890 915 1020 1002 νεογνόν
1045 921 1074 977 in
1096 921 1152 980 fine
1167 920 1247 999 *illius

106 1001 353 1060 moenianum.
385 1035 428 1047 -
463 994 596 1065 ”norun
625 1003 660 1061 Ι.
675 1010 736 1066 150.
765 1008 826 1064 164.
862 1003 913 1065 111.
943 1010 1002 1064 135.
1036 1004 1084 1063 vr.
1108 1010 1153 1064 τε.
1184 1004 1247 1062 vn.

107 1090 179 1153 1193
204 1087 256 1143 sed
279 1085 366 1145 uemel
388 1088 490 1145 eudem
515 1108 578 1147 curn
601 1088 761 1145 constantin
780 1087 909 1151 ἐπίπλοα
935 1089 959 1148 l.
982 1093 1025 1147 94.
1056 1089 1092 1146 cf.
1113 1086 1186 1146 Poll.
1207 1089 1245 1164 X,

108 1192 141 1249 p.
162 1175 235 1244 458,
260 1177 295 1229 22
322 1169 420 1248 (Seb.)
447 1164 613 1252 Ἡρόδοτος
644 1170 675 1234 δὲ
702 1167 780 1234 edroi
808 1171 936 1234 ἕντίιτλοα
963 1173 1092 1251 εἴρηκεν.
1133 1165 1243 1245 Ἰσαῖος
1335 1163 1345 1176 ’

106 1251 142 1318 dl
171 1248 248 1317 κατά
276 1248 333 1330 τὴν
361 1249 466 1333 {vinulo
493 1259 617 1336 χρῆσιν.
646 1255 790 1318 ἐπίπλοον
819 1253 891 1320 εἴτε.
924 1258 960 1319 cs.
979 1258 1058 1314 Snid.
1082 1277 1106 1312 s·
1126 1278 1154 1316 v.
1178 1256 1242 1318 ἕντι-

105 1344 178 1404 τιλα.
217 1372 253 1381 -
295 1338 317 1400 l.
342 1345 395 1399 133
423 1339 582 1422 στέγαρχος
611 1341 675 1398 libri
703 1342 829 1412 Herod.;
865 1343 918 1399 sed
940 1341 1041 1404 Athen.
1063 1341 1114 1417 lv,
1134 1346 1188 1401 144
1208 1342 1241 1401 Β.

106 1423 427 1504 οιλῖοοῐστεγὲαρχος,
446 1426 522 1502 qnod
541 1425 646 1484 nostris
668 1426 765 1484 lexicis
783 1426 935 1499 immerito,
956 1431 987 1483 ut
1008 1426 1139 1502 equidem
1160 1433 1242 1504 puto,

104 1508 194 1584 vulgo
214 1509 307 1570 deest.
342 1541 386 1551 —
421 1508 473 1566 Ill.
495 1514 547 1569 157
570 1505 754 1590 στρατάρχης
774 1509 882 1585 vulgat.
907 1530 969 1567 curn
993 1510 1024 1568 S.
1045 1510 1080 1573 V,
1109 1517 1136 1569 et
1164 1512 1239 1569 forte

104 1592 203 1652 Parin.
221 1590 264 1672 (et
286 1593 327 1651 sic
348 1592 426 1650 Vlll.
448 1598 484 1652 44
501 1614 600 1652 omnes
623 1587 825 1673 στρατάρχεω)
847 1595 899 1652 sed
920 1595 1006 1655 codd.
1026 1594 1066 1652 Μ.
1091 1594 1126 1651 Ρ.
1148 1596 1186 1652 Κ.
1204 1596 1240 1660 F,

101 1676 246 1756 praebent
267 1675 468 1757 στρατιᾶρχης·
496 1711 540 1721 -
582 1678 627 1737 De
648 1678 797 1761 μυραλεάς
822 1678 857 1736 ΙΙ.
880 1681 925 1751 67,
947 1697 1001 1755 pro
1023 1698 1080 1754 quo
1103 1679 1148 1736 alii
1165 1702 1242 1759 μνο-

123 1760 214 1834 otton
234 1762 330 1820 dicere
349 1761 527 1837 meluerunt,
553 1768 583 1821 et
609 1783 731 1839 quocum
751 1768 880 1841 pugnant
904 1756 1094 1842 ἰχθυοφάγοι
1110 1769 1142 1822 et
1161 1766 1240 1822 simi-

100 1787 161 1923 lla,
181 1851 347 1907 constanter
367 1846 407 1905 sic
426 1845 578 1905 scribendo
598 1849 674 1924 apud
696 1853 837 1921 nostrum,
858 1845 924 1904 vide
942 1844 1033 1904 Piers.
1054 1847 1147 1904 Moer.
1165 1868 1190 1905 e.
1212 1869 1238 1906 v.

99 1931 182 1990 Nem
203 1929 254 1988 lx,
276 1937 328 1991 120
355 1949 431 1988 nnnc
459 1931 575 2007 vulgata
603 1931 772 2001 cumtzodd.
794 1931 835 1988 M.
856 1929 891 1988 P.
911 1929 948 1989 K.
970 1929 1005 1985 F.
1024 1947 1051 1990 ο.
1073 1950 1097 1986 c.
1120 1932 1148 1986 d.
1167 1934 1238 1989 scri-

98 2021 192 2094 ptura
212 2008 313 2093 λχθάες
336 2008 500 2077 νεοάλωτοι
521 2016 583 2073 solu
606 2023 654 2074 ‘est
679 2035 763 2089 vera,
794 2034 828 2072 nc
848 2014 1021 2090 rejicienda,
1051 2031 1136 2090 quarn
1166 2017 1236 2072 reti-

99 2104 230 2157 nuerunt
250 2098 313 2162 Ald.
334 2098 370 2157 el.
398 2119 461 2157 cnm
482 2100 514 2165 S,
536 2100 566 2156 b.
594 2105 625 2159 et
646 2100 726 2158 Eunt.
748 2099 806 2160 od.
830 2103 898 2159 1728
918 2090 1072 2159 νεάλωτοι.
1109 2131 1151 2142 -
1186 2100 1236 2158 lv.

99 2188 139 2242 46
168 2181 320 2262 φερέοικοι
349 2189 427 2242 recte
455 2184 561 2261 vnlgut.
591 2186 642 2242 scd
671 2184 757 2241 codd.
782 2185 815 2240 S.
839 2183 875 2241 V.
907 2180 1046 2261 φέροικοι
1083 2182 1134 2261 (cf.
1158 2180 1235 2243 Lob.

83 2266 211 2343 ·1’lrryn.
232 2288 262 2345 p.
285 2271 338 2327 767
357 2268 427 2344 sq.).
472 2268 694 2346 verumtatem
716 2289 750 2326 uc
772 2268 910 2325 similibus
932 2267 998 2325 vide
1018 2266 1092 2324 infre
1112 2267 1140 2324 in
1164 2268 1236 2327 libro

100 2353 190 2411 tertio
211 2352 248 2410 de
271 2352 432 2410 nominibus
443 2343 646 2411 'numeralibus
673 2352 726 2410 snb
755 2353 849 2410 finem.
883 2385 926 2394 -
968 2352 1030 2408 Jarn
1054 2351 1161 2409 dudum
1182 2359 1236 2426 est,

101 2434 191 2514 quum
210 2435 316 2495 Portus
343 2436 409 2515 (lex.
436 2435 499 2500 lon.
520 2441 543 2495 1.
567 2437 609 2515 v.)
633 2437 802 2496 Herodoleo
830 2439 858 2494 in
881 2436 945 2494 loco
968 2435 991 2496 l.
1018 2439 1069 2494 159
1095 2457 1149 2514 pro
1175 2437 1234 2495 rul-

100 2527 172 2598 gato
199 2524 426 2601 νενοσσευμένα·
448 2530 598 2580 censuerat
624 2522 777 2597 legendnm
805 2541 869 2579 esse
902 2522 1149 2598 νενεοσσευμένα;
1182 2524 1235 2580 scd

99 2597 196 2664 adbuc
216 2608 355 2665 retinetur
371 2607 438 2664 illud
457 2606 587 2665 omnibns
607 2608 713 2663 nostris
735 2606 764 2661 in
787 2606 970 2677 editionibus,
989 2623 1160 2679 quemqnam
1182 2604 1237 2663 lroc

99 2692 188 2749 etium
200 2689 352 2767 Phrynichi
373 2694 495 2769 quodam
509 2697 664 2769 praecepto
686 2689 800 2746 defendi
822 2695 921 2766 potest
939 2685 987 2766 (cf.
1002 2686 1076 2747 Lob.
1092 2688 1130 2744 ad
1144 2686 1235 2762 Phry-

100 2775 177 2833 nich.
205 2794 236 2853 p.
261 2781 314 2835 206
335 2796 380 2852 ορ.
409 2777 488 2851 cnjus
518 2773 653 2852 exemplis
682 2779 712 2831 et
739 2773 792 2830 alio
823 2778 852 2829 et
877 2772 931 2828 hoc
959 2770 1096 2845 Polyaeni
1127 2771 1232 2828 addus:

102 2859 195 2918 Strat.
218 2859 276 2935 IV,
299 2866 332 2932 3,
348 2865 383 2920 32
410 2858 530 2922 νεοσσοὶ
559 2862 660 2941 χρνοῖν
683 2851 801 2920 ἑκατόν.
832 2856 870 2915 cf.
898 2863 927 2913 et
947 2855 1040 2913 Maitt.
1060 2852 1185 2931 (Stnrz.)
1204 2876 1233 2932 p,

101 2950 147 3004 ll.
171 2942 244 3024 -),
270 2946 316 3003 cui
337 2945 538 3020 convenienter
564 2944 640 3022 opud
669 2947 796 3000 nostrum
818 2940 857 2999 ll.
877 2945 913 2999 68
940 2931 1066 3010 νεοσσός
1090 2939 1232 3015 vulgatum

99 3035 164 3103 est,
195 3035 225 3088 et
244 3027 296 3092 lll.
321 3036 370 3089 lll
392 3024 534 3101 νεοσσιάς
556 3029 616 3103 bie,
646 3034 674 3085 et
701 3025 863 3088 νεοσσιέων
889 3022 951 3101 (ubi
976 3024 1094 3100 quidem
1115 3025 1180 3081 cod·
1201 3026 1231 3087 S.

100 3117 247 3176 νεοσσοῖσ-
281 3114 346 3174 cod.
372 3114 407 3179 V.
433 3117 592 3176 νεοσσιοῖν.
625 3111 692 3170 Ald·
707 3110 867 3175 1νοσοιεόνν
890 3106 989 3186 mole).
1032 3107 1130 3175 Quare
1157 3109 1234 3168 haud

99 3198 203 3256 dubito
220 3195 291 3274 quin
311 3199 368 3256 isto
396 3200 424 3256 in
444 3200 507 3257 loco
528 3197 763 3276 νενεοσσενμένα
780 3201 887 3254 rectum
909 3191 1164 3271 Herodotenrnque
1185 3196 1232 3256 sit.

99 3314 145 3327 —
175 3283 281 3359 Neque
305 3284 389 3341 etiam
415 3284 616 3342 Herodoteum
644 3288 688 3341 est
716 3283 820 3362 περείρ
848 3278 955 3336 codicis
977 3277 1009 3333 S.
1039 3276 1089 3334 lll.
1113 3281 1149 3338 74
1177 3299 1232 3355 pro

102 3368 221 3445 vulgato
241 3371 371 3448 περιείη,
390 3388 484 3445 neque
503 3366 743 3449 Παρποταμλους
763 3364 889 3440 ejusdem
907 3360 1014 3418 codicis
1033 3359 1112 3418 Vlll·
1128 3366 1163 3420 33
1177 3362 1232 3436 bis,

100 3471 156 3529 pro
182 3449 300 3527 vulgato
327 3455 585 3533 Παραποταμίους
612 3451 671 3521 bis;
701 3467 795 3527 neque
822 3445 1008 3518 ἐπαντεῖλαι,
1038 3444 1116 3519 qnod
1140 3445 1232 3503 Gaisl'.

100 3535 148 3593 ulii
169 3536 208 3594 ll.
233 3541 285 3596 142
308 3537 381 3610 ruale
406 3540 436 3596 iu
463 3538 592 3596 ordinem
613 3538 801 3612 receperunt,
830 3550 916 3607 quum
936 3546 994 3585 non
1015 3528 1107 3584 solinu
1128 3526 1182 3585 lroc
1203 3528 1232 3584 in

99 3619 165 3679 loco
190 3621 253 3680 cod.
277 3620 306 3684 b.
331 3617 429 3701 (quem
451 3628 480 3681 et
504 3621 655 3680 Bekkerns
682 3615 783 3682 etalii
804 3615 905 3674 merito
932 3616 999 3668 sunt
1024 3610 1128 3690 secuti)
1153 3618 1233 3671 recte

100 3702 292 3769 ῖτιανατεῖλαι
318 3707 500 3785 praebuerit,
536 3706 588 3763 sed
614 3704 644 3761 in
673 3701 735 3759 eliis
772 3700 857 3758 etium
884 3693 979 3756 multis
1007 3688 1177 3759 άνατὲλλειν
1204 3702 1234 3754 et

100 3782 255 3853 οῖνατιῖλαι
282 3791 344 3849 siue
372 3792 512 3849 varietate
540 3793 618 3847 recte
643 3788 750 3864 scriptu
777 3788 912 3866 exstent.
932 3781 1018 3838 veluti
1041 3780 1077 3839 ll.
1100 3788 1152 3842 142
1179 3776 1233 3843 cdv

99 3870 191 3955 ἥλιον
209 3867 366 3938 άνατεῖλαι
384 3874 435 3954 (cf.
454 3874 559 3933 Thom.
579 3869 657 3949 Mag.
678 3891 708 3949 p·
732 3873 792 3940 147,
813 3875 848 3926 10
862 3859 1022 3944 Ἡρόδοτος
1049 3865 1081 3927 ἕν
1103 3871 1142 3948 τῇ
1163 3867 1233 3927 δεν-

101 3959 191 4044 τλρρι·
223 3952 359 4040 τετράκις
375 3958 476 4041 λλεγον
494 3958 525 4033 ἐξ
546 3951 651 4036 η’θέοιν
670 3949 723 4017 τάν
744 3948 833 4033 ἥλιον
855 3943 1030 4030 ἀνατεῖλαι).
1054 3950 1102 4008 lv.
1124 3955 1169 4008 40.
1189 3954 1233 4007 45.

101 4051 146 4105 52
177 4044 231 4104 ΙΙΙ,
257 4049 303 4109 84,
336 4045 397 4103 Vll.
425 4050 489 4105 223.
539 4043 637 4111 Quare
661 4042 727 4117 jure
754 4058 789 4097 uc
821 4038 923 4097 merito
950 4036 1080 4115 plerique
1106 4033 1234 4091 editores

51 4139 70 4189 ·.
102 4130 279 4189 recentiores
301 4125 450 4192 ἀνατέλλει
471 4129 507 4187 ll.
529 4133 582 4188 142
604 4125 668 4203 (καλ
688 4123 780 4187 ἔνθεν
799 4123 858 4184 νῦν
880 4116 1043 4195 ἀνατέλλει)
1066 4137 1129 4175 cum
1150 4117 1235 4175 codd·

96 4209 143 4277 bl.
164 4214 200 4274 P.
224 4213 264 4275 K.
288 4216 321 4273 S.
342 4215 379 4279 V.
403 4214 439 4275 F.
461 4214 553 4273 Poris.
578 4216 749 4289 receperunt
773 4228 828 4288 pro
853 4227 903 4283 eo,
925 4205 1004 4282 quod
1025 4203 1093 4262 edd.
1116 4207 1185 4263 vett.
1208 4207 1238 4259 et
