2942 4900
410 154 456 216 ne
478 154 599 214 dialecto
622 156 787 220 Herodotea
808 155 856 215 lib.
879 158 903 219 l.
1182 154 1222 218 87

77 341 150 382 rum
171 322 311 399 quidem,
338 321 388 397 qui
416 322 471 382 soli
498 322 570 399 ipsis
591 321 629 380 ab
655 323 818 381 editoribus
841 322 1077 383 Herodotisunt
1096 325 1229 406 inspecti,

76 408 108 466 F
133 411 164 467 et
187 408 232 481 S.,
252 424 342 484 quum
362 406 479 483 saepius
502 412 641 472 taceatur,
665 407 733 483 quid
756 408 784 465 in
797 407 852 466 'his
874 408 1012 483 scriptum
1034 414 1136 485 exstet,
1159 413 1229 486 quid

75 511 142 551 aon
160 488 307 567 exstet*),
328 491 421 550 nostri
442 490 529 565 igitur
542 490 702 549 Herodotei
723 491 839 552 codices
861 492 902 549 ita
922 494 1080 570 comparati
1100 502 1178 569 sunt,
1198 501 1230 553 ut

76 577 132 636 nbi
155 596 232 635 unus
258 581 309 636 aut
335 575 408 633 alter
428 574 624 634 Herodoteam
651 576 793 651 quandam
817 576 934 633 formam
955 577 1091 653 praebet,
1121 578 1160 635 ibi
1181 579 1227 636 alii

78 659 213 720 Atticam
234 666 283 718 aut
302 659 386 719 aliam
407 658 559 735 quamlibet
581 649 632 718 sed
648 678 706 717 nou
726 659 922 717 Herodoteam
943 660 1105 738 exhibeant,
1128 668 1159 720 et
1180 664 1228 720 ubi

77 746 125 819 ii,
151 746 200 822 qui
228 746 318 803 modo
340 743 436 820 aliquo
466 744 495 801 in
521 743 594 802 loco·
608 745 760 820 genuina'rn
783 743 925 806 habebant
954 745 1140 823 scripturam,
1168 766 1226 805 non

77 829 284 889 Herodoteam
304 828 466 907 praebent,
484 827 523 885 ibi
545 829 583 902 ii,
608 828 654 903 qui
676 829 762 885 modo
785 827 872 886 salsas
894 828 1050 905 scripturas
1071 830 1227 907 habebant,

78 919 182 972 rectas
196 914 367 992 praebeant.
410 911 462 969 Cui
481 912 639 987 variationi,
661 931 748 988 quum
763 912 877 970 minime
891 911 974 970 nobis
989 919 1115 975 statuere
1132 915 1226 990 liceat,

78 998 269 1058 Herodotum
288 998 365 1055 idem
386 995 557 1058 vocabulum,
574 996 834 1072 vocabulornmque
847 1016 940 1072 genus
959 999 1046 1055 modo
1064 998 1118 1057 hac
1138 1000 1226 1059 modo

78 1082 130 1140 illa
154 1083 251 1142 forma
272 1100 444 1159 usurpasse,
466 1087 495 1138 et
517 1100 603 1162 quum
625 1097 723 1159 parunt
746 1081 881 1159 praesidii
903 1081 971 1137 insit
991 1082 1110 1157 singulis
1131 1084 1161 1140 in
1180 1082 1226 1139 lo·

80 1168 142 1242 cis,
174 1168 217 1223 sic
248 1165 454 1224 occurrendum
480 1184 546 1223 esse
569 1163 696 1238 videtur,
723 1172 755 1223 ut
780 1165 908 1224 collectis
933 1165 1017 1222 unius
1038 1167 1224 1242 ejusdemque

79 1249 216 1309 vocabuli
236 1250 495 1325 vocabulorumque
517 1249 631 1323 generis
653 1249 790 1327 exemplis
814 1248 956 1325 omnibns,
975 1250 1088 1309 ratione
1109 1269 1226 1327 quoque

78 1337 108 1395 in
130 1336 200 1396 loco
222 1334 353 1393 codicum
370 1334 511 1412 scriptura
528 1333 642 1409 habita,
664 1343 801 1392 summam
824 1334 965 1409 quandam
987 1334 1032 1391 vel
1054 1335 1225 1412 depravata·

82 1441 145 1478 rum
167 1417 215 1477 vel
234 1424 377 1477 rectarum
399 1416 553 1476 formarum
574 1418 764 1476 subducamus
783 1424 869 1494 atque
892 1418 1083 1492 conseramus,
1101 1419 1225 1495 indeque

82 1505 202 1562 codices
224 1504 307 1581 ipsos
328 1504 404 1560 inter
416 1521 450 1560 se
472 1502 661 1564 conciliemus.
705 1501 868 1561 Restabant
880 1507 975 1560 tamen
991 1503 1133 1560 interdum
1150 1519 1224 1560 non·

78 1588 150 1647 nulli
179 1589 255 1664 loci,
284 1587 332 1645 ubi
363 1587 478 1646 codices
501 1606 600 1645 omues
624 1606 732 1645 summo
756 1605 898 1643 consensu
925 1585 963 1661 (si
986 1587 1060 1644 enim
1081 1585 1223 1644 silentium
1265 1637 1267 1642 ,

77 1691 198 1748 eorum,
226 1672 274 1748 qui
295 1672 426 1740 radicum
447 1671 685 1729 conferendorum
706 1689 807 1728 mrruus
828 1671 858 1727 iu
883 1689 915 1727 se
936 1677 1139 1746 susceperunt,
1167 1690 1222 1747 pro

79 1776 229 1816 consensu
254 1763 300 1815 est
330 1752 506 1833 habendum)
534 1761 634 1814 contra
662 1754 861 1813 Herodoteum
882 1772 964 1811 usum
986 1755 1129 1821 nituntur;
1159 1756 1222 1829 sed,
1278 1775 1282 1782 ·

78 1860 183 1918 quum,
205 1847 238 1900 ut
259 1841 401 1919 pessimos
423 1853 625 1915 nunnunquam
643 1858 711 1922 eum.
727 1837 982 1915 praestantissimis
999 1838 1165 1915 conspirare
1178 1838 1222 1893 vi·
1249 1858 1258 1864 ⁷

77 1927 179 1984 dimus
200 1931 230 1983 et
242 1926 368 2003 optimos
383 1923 456 1981 falsa
472 1922 642 1995 exhibuisse,
665 1924 706 1981 sic
727 1923 814 1979 etiam
832 1921 893 1979 lieri
910 1921 1050 1997 potuerit,
1070 1927 1101 1978 ut
1122 1939 1222 1977 ornnes

77 2011 262 2088 superstites
286 2008 455 2086 quibusdam
484 2008 513 2064 iu
542 2007 613 2065 locis
638 2008 713 2064 malo
739 2006 776 2063 de
799 2003 951 2080 exemplari
979 2003 1222 2078 describerentur,

75 2094 219 2170 maleque
241 2094 382 2171 descripta
404 2097 599 2166 servarentur,
622 2090 691 2150 nihil
712 2109 767 2149 nos
788 2088 928 2167 impedire
948 2087 1051 2160 video,
1070 2087 1223 2163 quominus
1246 2095 1248 2099 ‘

75 2181 143 2239 istis
170 2180 203 2237 in
224 2178 312 2254 locis,
339 2177 492 2236 dummodo
516 2176 652 2255 pleraque
673 2173 803 2252 exempla
824 2172 942 2249 regulae
960 2191 994 2230 ac
1013 2173 1131 2230 hermae
1155 2189 1222 2230 sese

76 2263 377 2338 accommodaverim,
407 2281 526 2341 prorsus
554 2262 682 2320 codicum
703 2259 776 2322 Mss.
806 2258 1004 2316 auctoritatem
1030 2254 1222 2333 negligamus,

150 2444 183 2512 ¹⁴¹)
202 2443 272 2498 Vide
288 2443 472 2498 Praelationes
488 2441 649 2512 wesseling.
670 2446 697 2495 et
715 2438 868 2509 Schweigh.
893 2469 929 2478 -
954 2438 1068 2504 Struve,
1086 2437 1166 2505 Spec.
1182 2436 1219 2504 Il,

77 2534 108 2587 p.
128 2515 180 2580 153
199 2514 251 2578 111,
269 2533 298 2583 p.
316 2513 374 2565 let
383 2514 409 2570 5.
426 2543 462 2550 -
481 2515 539 2577 Qua
559 2514 585 2565 iu
604 2512 743 2564 occasione
759 2512 850 2561 tacere
867 2525 919 2560 nou
937 2524 1053 2575 possum,
1071 2508 1135 2574 quin
1152 2523 1219 2574 que-

77 2602 124 2637 rar
141 2585 175 2636 de
194 2582 377 2635 illiberalitste
395 2583 506 2650 quadam
526 2592 553 2634 at
571 2580 764 2644 occultatione,
785 2580 811 2628 in
829 2595 882 2644 qna
900 2576 1049 2628 absconditi
1068 2576 1220 2642 plerumque

76 2653 229 2707 retinentur
248 2653 354 2704 codices
371 2650 545 2719 manuscripti
567 2649 601 2701 iis
624 2649 652 2700 iu
669 2647 748 2712 locis,
774 2647 819 2698 ubi
843 2645 923 2697 semel
948 2652 1011 2696 suut
1028 2644 1120 2712 positi.
1157 2643 1219 2696 Mea

76 2722 190 2792 quidem
212 2739 247 2774 ex
269 2720 400 2775 sententia
422 2737 512 2772 omnes
536 2724 668 2798 quotquqt
689 2719 833 2783 supersunt
854 2711 972 2778 cujusvis
995 2711 1088 2777 scripti
1114 2710 1219 2762 codices

77 2790 257 2859 manuscripti
275 2789 395 2842 omuibus
413 2806 470 2845 cum
490 2787 565 2840 vitiis
583 2787 757 2851 omnibusque
774 2798 832 2833 cum
849 2779 942 2848 siguis,
964 2778 1075 2842 lineolis,
1093 2777 1218 2830 ductibus

77 2858 281 2914 accuratissime
299 2857 554 2928 diligentissimeque
571 2853 646 2924 typis
664 2848 832 2903 describendi
843 2855 913 2915 snut,
932 2853 1068 2899 uteorum
1087 2845 1218 2914 exempla·
1270 2866 1274 2871 ·

77 2930 118 2985 ria
133 2945 227 2985 omncs
245 2927 273 2980 in
283 2930 378 2981 'terras
394 2943 535 2995 omnesque
546 2924 574 2976 ia
591 2921 766 2977 bibliothecas
776 2917 948 2985 ‘amniumque
964 2916 992 2967 iu
1011 2931 1102 2967 manus
1118 2913 1219 2968 dimitti

78 2998 195 3068 possint.
234 2998 424 3049 obmutescent
439 3006 495 3048 turn
512 2992 653 3063 querelae,
677 2991 793 3045 tortasse
816 3004 886 3040 nuuc
907 2986 1012 3054 quidem
1028 2982 1158 3037 interdum
1176 2984 1218 3036 iu·

78 3084 158 3190 tut
191 3065 227 3188 ‘i‘
246 3067 371 3148 “mii
398 3064 566 3185 {iiim
584 3057 987 3182 tmui‘ii‘stll‘tul’
1016 3052 1217 3176 tituta:

79 3212 107 3258 et
135 3151 453 3274 terhporii⁵riibarit⁰uib¹
472 3149 582 3268 riberii?
596 3147 656 3251 eqqn
669 3145 748 3249 iiderb
775 3145 880 3248 iudices
904 3132 1096 3256 Mss.,qdoribc
1113 3142 1216 3245 ababli·

80 3274 212 3327 munitate
231 3273 355 3340 disjuncti
375 3271 552 3334 occultentur,
577 3275 738 3335 sua'spoute
757 3265 939 3333 patentiore,
960 3268 990 3314 ut
1004 3278 1110 3330 semper
1126 3264 1217 3314 eodem

79 3343 157 3396 modo
177 3341 340 3408 conterendi,
360 3340 475 3394 novandi
487 3348 514 3391 et
527 3336 641 3389 iterandi
652 3336 717 3391 sint.
754 3336 823 3387 'l'urn
841 3334 921 3387 etiarn
937 3331 1049 3383 celerius
1066 3347 1098 3383 ac
1113 3330 1217 3382 lelicins

79 3412 204 3465 omnibus
223 3411 249 3463 in
269 3411 390 3479 partibus
405 3406 579 3475 antiquitatis
600 3404 750 3459 studiorum
768 3420 815 3456 uos
833 3401 1021 3468 procedemus,
1048 3398 1148 3465 quippe
1168 3400 1219 3464 qui

122 3496 240 3563 nosnos
257 3478 344 3532 edocti
362 3477 499 3548 primarios
506 3477 622 3539 sontes,
640 3473 759 3525 omnium.
772 3480 824 3524 tum
842 3472 868 3520 in
887 3465 1110 3546 disputationibus
1127 3467 1216 3546 quoti-

83 3533 1216 3687 „tutti‘tutti-{uiuunt⁹iut‘llruu‘3'”substantiatis

82 3687 258 3756 laudemque,
283 3703 353 3738 nunc
373 3685 477 3754 quidem
503 3683 531 3734 in
554 3682 610 3733 dies
634 3679 717 3746 magis
734 3679 770 3729 iis
786 3673 915 3728 immerito
935 3678 1072 3738 negatam,
1096 3670 1216 3725 veniant.

80 3758 162 3826 Atqui
180 3756 373 3824 inscriptiones
389 3759 508 3807 vetorum
526 3767 613 3803 noune
629 3751 700 3801 sicut
717 3748 843 3799 inventae
856 3750 919 3794 sunt
927 3740 1002 3809 typis
1029 3739 1216 3792 describendas

80 3828 210 3880 curarunt
223 3842 258 3878 ac
277 3824 394 3877 corrasa
429 3824 526 3875 Nonne
543 3819 590 3873 alii
607 3816 714 3886 quidam
734 3814 838 3867 codices
851 3812 918 3866 lllss.
938 3808 1026 3877 paullo
1044 3817 1106 3877 post
1123 3808 1215 3859 inven-

80 3903 132 3949 tam
149 3894 371 3967 typographicam
395 3898 496 3959 arteru,
519 3890 556 3942 sic
578 3894 609 3940 ut
628 3892 718 3950 eraut,
742 3881 872 3950 exscripti
895 3884 957 3931 suut
979 3877 1052 3946 typis
1061 3883 1121 3958 ,unt
1145 3875 1216 3958 nulla

78 3966 151 4032 justa
169 3982 288 4035 veraque
307 3978 385 4014 causa
403 3961 465 4013 mihi
483 3958 588 4029 quidem
606 3956 716 4008 subesse
734 3952 865 4016 videatur,
884 3949 1026 4002 auretium
1045 3947 1104 3997 alus
1116 3945 1216 3996 codrcr—

79 4035 128 4086 bns
146 4036 246 4102 majore
261 4034 323 4085 'curn
342 4031 501 4093 detrimento
523 4028 551 4079 id
577 4022 733 4078 beneficium
759 4025 922 4088 denegetur,
953 4013 1109 4095 praesertim
1135 4029 1214 4094 quum

81 4107 156 4160 ctiam
174 4103 220 4158 alii
239 4103 282 4155 bis
300 4102 328 4155 iu
347 4100 441 4152 studiis
458 4114 573 4152 summae
590 4092 758 4146 auctoritatis
776 4090 828 4142 viri
846 4088 942 4141 nostris
960 4083 1120 4151 temporibus
1138 4083 1214 4163 ruolt-

81 4174 134 4229 bris
153 4182 276 4228 veterum
302 4189 318 4224 e
339 4168 477 4222 codicibus
496 4167 562 4221 Mas.
589 4163 699 4234 primum
723 4159 831 4213 edendis
855 4158 953 4210 versati
973 4168 1047 4220 squam
1065 4149 1215 4203 fidelissime

81 4244 162 4314 prima
179 4243 210 4297 in
229 4239 351 4297 edilium
369 4237 488 4292 codicum
506 4234 665 4319 scripturam
683 4230 843 4285 reddendam
862 4244 919 4279 esse
938 4218 1095 4276 censuerim.
