2942 4900
242 221 289 291 'sl
565 221 610 285 De
629 223 753 284 dialecto
775 223 943 284 Herodstea
959 220 1057 286 111,-1.

245 399 310 459 lla.
333 393 368 456 el.
402 392 454 456 acl
474 389 508 457 cd
529 397 626 473 τεῖχος
647 385 723 465 loll·
746 392 839 455 Beklr.
862 391 903 452 al.
928 393 1007 451 recte
1033 407 1097 449 cum
1124 388 1213 452 codd
1237 390 1270 450 ,Sr
1295 388 1331 453 P.
1353 390 1392 449 F.

244 502 291 556 n.;
312 481 351 539 cl.
369 479 443 538 inira
457 499 487 556 p.
499 484 562 539 180.
582 510 625 522 --
646 477 668 536 1.
690 480 725 535 93
744 496 843 533 omues
860 475 932 538 haec
948 475 1039 533 cerba
1059 474 1146 552 vulgo
1167 476 1211 534 sic
1232 474 1392 534 exhibent:

243 561 395 646 θώνμνιιι
418 562 451 626 ll
474 567 515 644 γῆ
528 563 629 640 Λυδίη
642 591 682 608 ·-
696 556 734 622 οὖ
757 554 837 639 μάλα
859 559 926 639 ἔχει,
951 577 1044 637 neque
1064 559 1096 616 in
1121 560 1179 618 ullo
1201 559 1278 619 libro
1301 567 1393 619 aute-

246 652 323 710 cedit
344 640 518 725 articulusri
540 648 645 708 nomini
661 647 774 723 Λυδίη,
795 665 915 723 prursru
927 645 1111 704 Heroduteus
1131 663 1167 702 ac
1188 645 1391 706 necessarius·

244 734 404 793 consucvit
423 735 498 793 enim
518 739 618 792 uosler
638 731 734 789 dicere
758 729 789 801 ἐς
811 735 868 811 γῆν
889 721 1119 807 τὴνΜηῦιιιήν
1140 728 1163 792 l.
1184 732 1230 791 73.
1252 728 1304 788 lV.
1328 736 1390 805 12,

197 837 200 842 ·
240 816 348 899 ’χώρης
367 821 424 895 τῆς
445 818 603 895 Μιλησίης
621 815 648 873 ¹l.
669 819 727 890 111,,
751 814 782 886 ἐς
801 819 860 895 γῆν
881 810 938 891 τὴν
961 806 1109 876 Μιλυάδα
1132 813 1157 874 1.
1181 817 1257 891 173,
1278 812 1391 891 ἔνερθε

246 905 356 982 λίμνης
373 907 429 979 τῆς
449 901 587 981 Μοίριος
608 900 643 959 ll.
663 905 698 974 4,
725 908 756 957 et
777 901 820 956 sic
841 899 1066 977 saepiuselibi,
1087 898 1123 959 cl.
1148 896 1171 956 1.
1193 904 1257 962 104.
1278 898 1317 958 ll.
1341 904 1389 963 33.

245 988 296 1047 IV.
318 994 361 1047 ll.
386 990 447 1048 179.
476 983 511 1042 V·
534 991 597 1045 101.
623 984 687 1042 Vll.
707 989 753 1046 42
777 981 827 1041 IX.
851 989 893 1042 14.
913 988 959 1043 65.
981 986 1027 1043 87.
1048 1015 1093 1027 —-
1112 981 1197 1049 Quae
1214 983 1314 1042 omnia
1335 1002 1389 1042 ex·

244 1071 339 1150 empla
362 1073 433 1128 satis
452 1075 492 1129 ut·
504 1076 577 1147 puto
594 1068 803 1146 approbabunt,
824 1069 910 1127 etiarn
930 1087 965 1126 eo
985 1068 1015 1124 in
1035 1066 1115 1138 loco,
1135 1067 1172 1124 de
1193 1086 1252 1143 quo
1276 1068 1388 1144 agitur,

245 1148 325 1239 yria}
347 1155 451 1232 Λυδίη
480 1156 676 1233 reponendum
704 1171 780 1210 esse.
824 1153 888 1211 Nec
914 1152 1006 1210 minus
1033 1152 1108 1210 bene
1124 1150 1183 1226 jam
1207 1154 1389 1211 recentiores

246 1241 357 1317 aliquot
372 1241 511 1312 editores,
530 1240 666 1315 quamvis·
679 1253 739 1295 non
761 1233 961 1296 addicentibus
981 1236 1066 1299 codd.
1088 1235 1172 1309 ress,
1193 1238 1388 1296 restituerunt

246 1324 298 1385 lu.
320 1329 354 1384 16
375 1318 409 1388 τό
430 1326 492 1399 πῦρ
514 1322 558 1380 bis
579 1320 712 1397 (Πέρσαι
742 1317 818 1382 θεὸν
846 1323 1004 1398 νομίζουσι
1030 1314 1108 1383 εἶναι
1133 1315 1167 1383 cd
1196 1323 1262 1400 πῦρ
1283 1353 1327 1364 -
1348 1317 1385 1385 sd

245 1413 308 1489 ιιῦρ
330 1408 445 1487 θηρίον
468 1402 728 1485 εἷναιέμψνχον),
753 1406 1008 1481 quem‘articulum
1028 1422 1150 1480 graecae
1170 1403 1286 1481 liuguae
1310 1404 1386 1483 legi·

246 1493 302 1550 bus
329 1491 547 1550 convenientem
574 1497 605 1548 et
624 1487 786 1566 Stobaeus,
817 1490 867 1558 ubi
892 1489 940 1548 illa
959 1489 1127 1549 Herodotea
1152 1489 1248 1559 allidit
1272 1488 1384 1563 (Setun.

247 1583 311 1652 111,
327 1596 359 1654 p.
378 1576 456 1651 614),
475 1576 622 1651 agnoscit,
641 1581 671 1633 et
690 1574 792 1633 Valck.
814 1582 843 1634 et
860 1574 981 1634 Wessel.
1002 1575 1039 1634 ad
1062 1573 1090 1633 h.
1105 1573 1125 1631 l.
1148 1572 1385 1651 comprobarunt.

242 1661 337 1719 simili
359 1661 436 1718 enim
452 1660 563 1718 ratione
576 1659 719 1719 Herodot.
740 1660 889 1718 artindurn
907 1659 1075 1737 praeposuit
1093 1657 1202 1718 nomini
1221 1657 1305 1719 174.
1321 1663 1385 1719 174.

247 1751 310 1806 100.
331 1745 368 1803 11.
388 1750 432 1806 33.
456 1748 517 1804 140.
539 1777 582 1790 -
610 1745 666 1801 Sic'
682 1750 713 1802 et
734 1742 785 1802 ΙΧ.
805 1748 839 1803 70
861 1745 891 1802 ln
912 1744 956 1804 his
975 1741 1101 1820 vulgatis
1121 1741 1232 1802 verbisz
1252 1742 1307 1808 sol
1329 1736 1382 1808 αρ’.

242 1825 282 1909 νὴ
295 1829 367 1894 -ιινὶ,
388 1823 575 1909 ἆμφίιινλοι,
601 1829 740 1888 Reiskius
762 1835 841 1887 recte
862 1828 913 1890 acl
934 1829 969 1890 αἱ
987 1817 1160 1907 ἀμφίπολοι
1179 1828 1318 1888 restituit
1340 1860 1385 1871 -
1463 1889 1464 1914 ,

242 1915 269 1974 l.
292 1921 346 1975 110
367 1906 434 1976 deri
457 1912 490 1976 bl
509 1910 666 1993 ἄρχεσθαι·
686 1914 752 1972 olim
775 1913 890 1990 vulgata
911 1918 993 1971 erant
1014 1930 1077 1972 nrm
1097 1911 1183 1971 codd.
1199 1911 1293 1987 Men,
1323 1933 1383 1972 non
1463 1923 1464 1942 ¹

243 2000 343 2059 addito
364 1999 483 2058 articulo
500 2003 569 2077 roei,
591 2018 677 2075 quern
697 1997 814 2074 quidem
834 1998 982 2071 Reiskius,
1002 1996 1117 2058 Schaef.
1138 1993 1190 2071 (ad
1204 1996 1298 2074 Greg,
1312 1997 1383 2058 Cor.

241 2083 293 2161 89)
314 2085 406 2144 Beki.
426 2083 463 2145 al.
493 2089 571 2141 recte
592 2101 668 2140 nunc
690 2082 866 2157 sujeoenmt.
909 2081 1076 2158 Eodemque
1095 2081 1183 2141 modo
1204 2089 1286 2141 recte
1306 2101 1383 2142 nunc
1463 2141 1464 2148 ,

242 2157 465 2228 ritualiter
486 2158 553 2229 ἀντὶ
572 2171 630 2228 ron*
651 2161 729 2228 εἶναι
750 2163 891 2245 ἐνόρχιας
911 2161 1073 2247 (ἐνόρχις),
1099 2164 1164 2224 vll.
1185 2169 1239 2226 170
1256 2159 1327 2230 'inl
1350 2165 1384 2230 dt
1462 2167 1464 2242 l

241 2255 302 2315 sos
328 2246 407 2313 εἶναι
429 2237 599 2329 subruitur,
636 2252 675 2313 cf.
701 2250 817 2310 Schael.
847 2251 986 2330 Apparet.
1014 2251 1078 2310 crit.
1105 2249 1144 2308 ad
1160 2248 1313 2315 Demostb.
1342 2251 1384 2328 ΙΙ,

242 2353 264 2415 P
329 2418 378 2478 De
401 2417 558 2499 particulis.
573 2418 751 2496 rpribnsdaru
777 2424 876 2480 nostro
900 2418 946 2479 hic
969 2419 1025 2480 illic
1051 2419 1176 2479 fortasse
1195 2420 1382 2483 restituendis

243 2520 320 2562 nuuc
339 2523 397 2562 nou
418 2504 583 2579 decernam,
605 2506 660 2563 sed
680 2506 810 2581 iuterim,
829 2507 925 2565 donec
947 2505 1012 2584 ipse
1031 2504 1106 2564 banc
1125 2505 1163 2563 ad
1181 2508 1380 2582 quaestione·

241 2589 428 2663 accoeserim,
460 2588 696 2649 Werserum‘bac
714 2590 755 2649 de
775 2610 807 2648 re
828 2592 1020 2668 disputantem
1041 2588 1120 2664 (tet
1140 2588 1245 2651 Prior.
1264 2590 1380 2656 Monet.
1461 2584 1463 2679 Ι

238 2673 268 2750 1,
289 2695 319 2754 p,
336 2676 372 2734 ta
391 2672 470 2752 sqq.)
490 2673 615 2735 lectores
632 2675 792 2734 doctissimi
809 2675 967 2736 consulant.
1461 2722 1462 2727 η

326 2759 462 2837 Sequitur
479 2777 556 2817 nunc
575 2761 702 2820 ultimant
717 2760 911 2838 corruptionis
932 2772 1039 2835 genus,
1060 2760 1139 2837 quod
1158 2759 1188 2819 in
1207 2758 1379 2838 perturbato
1460 2756 1462 2777 ¹

241 2845 422 2917 litterarum,
451 2843 640 2923 syllabarum,
669 2845 929 2921 vocabulumque
952 2845 1053 2906 ordine
1081 2844 1265 2915 contimtum
1291 2863 1379 2922 quun
1460 2780 1462 2931 Ι

242 2935 339 2989 autern
360 2932 492 3003 quattuor
512 2927 595 3003 hujus
616 2931 730 3004 generis
751 2947 853 2991 cause
872 2947 938 2989 esse
951 2929 1082 2989 dicantur
1102 2928 1153 3005 (cl.
1167 2928 1265 2987 Herna.
1280 2929 1379 3008 Opas·
1460 2966 1461 3003 ,

241 3012 300 3070 enl-
321 3011 382 3083 111,
402 3030 436 3087 ρ.
455 3016 508 3071 100
527 3008 600 3091 sip),
618 3032 695 3088 una,
722 3033 783 3072 non
801 3013 966 3091 iopusuda
994 3014 1131 3087 librariis,
1156 3013 1187 3071 in
1207 3012 1377 3090 mala-libri,

242 3095 320 3153 ende
347 3092 536 3166 describitur,
565 3096 734 3156 condicione
755 3097 878 3174 posita,
898 3099 989 3159 altera
1010 3116 1045 3165 ex
1066 3098 1207 3174 consilio,
1233 3099 1322 3159 uuis
1338 3118 1378 3161 ex
1460 3134 1461 3185 p

240 3177 431 3253 negligentia,
452 3185 555 3252 quarta
576 3199 610 3241 ex
631 3199 733 3240 erroro
747 3181 928 3243 librariorum
949 3182 1096 3260 proiecte,
1117 3191 1177 3244 tres
1197 3184 1377 3261 posenno

182 3260 187 3269 ’
241 3262 422 3340 potissimum
450 3262 488 3318 ad
509 3262 703 3324 Herodotenm
724 3267 884 3327 orationem
909 3268 1074 3333 medendam
1097 3268 1251 3347 plurimum
1271 3267 1377 3327 secisse

241 3345 310 3407 mihi
326 3345 467 3405 ridentur.
510 3347 653 3412 Consulto
673 3350 749 3409 euim
763 3357 900 3411 mutatura
916 3370 981 3411 esse
997 3353 1148 3415 verbenam
1172 3353 1314 3427 ordinem,
1332 3354 1377 3413 vel
1458 3380 1460 3441 l

241 3431 309 3491 iude
330 3432 432 3508 conjici
454 3432 534 3507 licet,
562 3452 636 3510 quae
653 3435 714 3510 jam
735 3455 824 3512 supra
849 3437 886 3494 de
907 3439 1154 3513 grammaticorum
1173 3436 1221 3495 vel
1245 3437 1377 3501 librario·

240 3524 321 3590 rum,
349 3516 460 3575 illorum
486 3518 548 3577 rice
574 3519 770 3595 iungentium,
799 3521 911 3582 ratione
934 3528 1061 3581 vetemur
1088 3522 1260 3600 scriptorum
1285 3522 1375 3581 libros

241 3599 398 3675 nudandi,
419 3603 456 3661 de
478 3604 581 3679 modo,
608 3623 667 3680 qno
683 3604 878 3681 ludimagistri
898 3625 967 3667 curn
982 3606 1129 3685 discipulis
1152 3606 1212 3667 suis
1234 3608 1375 3679 exercita·

239 3683 326 3745 tionis
347 3703 434 3743 causa
453 3687 517 3746 illes
541 3688 692 3765 legebant,
713 3689 849 3761 diximusr
879 3706 1050 3768 quemquern
1071 3691 1128 3751 boc
1144 3690 1306 3769 perturbati
1323 3712 1376 3755 ‚or-

241 3764 318 3827 dinis
336 3786 428 3843 genus
448 3789 507 3829 non
523 3772 629 3850 ubique
648 3775 720 3835 satis
742 3775 876 3835 distincte
902 3775 939 3835 ab
964 3777 1002 3835 iis
1021 3777 1099 3835 vitiis
1119 3776 1245 3835 discerni
1264 3780 1376 3855 potest,

241 3864 315 3931 quae
328 3852 357 3910 in
372 3851 548 3913 librariorum
561 3860 737 3936 negligentia
757 3866 789 3919 et
808 3878 908 3923 errore
928 3861 984 3921 sita
1005 3876 1071 3923 esse
1091 3861 1233 3921 dicmur.
1279 3862 1373 3933 Quum

171 3996 176 4017 ,
241 3939 316 3997 enim
334 3937 373 4009 ii,
399 3937 448 4014 qui
468 3939 555 3998 verba
575 3945 716 4017 quaedam
735 3950 942 4024 transponunt,
970 3966 1021 4007 seu
1044 3945 1165 4007 consilio
1185 3964 1238 4011 seu
1259 3945 1316 4005 atis
1336 3947 1373 4005 de

242 4041 346 4099 causa,
366 4022 456 4098 magis
476 4024 651 4085 adsensum
670 4031 809 4088 enuntiati
827 4030 946 4105 alicujns
967 4049 1053 4107 qnam
1073 4030 1111 4089 ad
1133 4030 1288 4105 genuinum
1309 4048 1372 4088 rer-

241 4107 341 4165 bonrm
356 4107 484 4164 ordinem
504 4111 606 4166 attenti
628 4111 696 4187 sint,
721 4115 914 4190 consequitur,
938 4133 1053 4193 semper
1066 4113 1154 4172 talem
1169 4114 1309 4173 exsistere
1324 4134 1371 4172 or·

240 4191 350 4268 dinem,
372 4191 421 4270 qui
442 4191 511 4253 nihil
528 4194 723 4273 perspicuitati
743 4199 902 4275 sententiae
923 4198 1149 4267 describentibus
1169 4198 1288 4278 quidem
1309 4198 1371 4257 offi-

240 4276 313 4350 ciat,
342 4279 410 4353 quin
436 4279 521 4337 immo
548 4276 593 4336 bis
618 4280 759 4340 interdum
786 4283 878 4359 magis
906 4282 945 4340 sit
969 4282 1149 4363 perspicuus·
1192 4282 1275 4347 Telis
1303 4301 1369 4345 vere
